4304 5714
451 375 512 458 84
929 461 934 466 ,
1009 367 1237 451 CAPUT
1301 370 1356 450 11.

380 576 565 658 resolutio
600 600 752 678 quoquc
784 583 992 655 revocatur
1026 576 1077 652 ad
1103 573 1381 674 aequationem
1417 570 1710 663 differentialem
1743 572 1857 676 primi
1885 599 1983 680 gra·

382 707 476 802 dus,
509 708 616 809 cujus
648 705 832 785 resolutio
866 703 899 784 si
933 702 1120 783 fueritin
1152 714 1369 806 potestate,
1411 701 1521 782 simul
1543 701 1659 781 villius
1692 701 1879 809 integrale
1913 729 1981 785 ex·

376 834 498 916 hiberi
532 833 691 933 poterit.

911 1074 1333 1155 corollarium
1401 1084 1443 1155 2.

517 1295 541 1372 7
552 1299 623 1376 71.
693 1289 729 1368 Si
772 1289 951 1390 aequatIo
993 1289 1094 1368 inter
1124 1309 1229 1390 Μ
1263 1301 1361 1391 etq
1403 1288 1457 1365 ita
1490 1286 1604 1365 fuerit
1637 1305 1886 1391 comparatu,
1938 1307 1979 1374 ut

380 1442 429 1498 ex
463 1442 512 1497 ea
545 1419 750 1496 commode
784 1421 896 1495 valor
927 1418 1044 1520 ipsius
1079 1443 1105 1521 q
1139 1415 1225 1493 elici
1258 1428 1395 1516 queat,
1429 1416 1593 1517 hincque
1617 1435 1845 1523 qasquetur
1864 1422 1976 1502 sune·
2047 1404 2049 1408 ¹

379 1546 677 1651 tioni'ipsarum
710 1572 739 1646 y
772 1558 885 1646 etp,
920 1572 1018 1646 quae
1052 1545 1102 1624 sit
1133 1548 1186 1641 Τ,
1226 1546 1299 1621 erit
1335 1536 1635 1649 pdpszy,
1683 1574 1783 1649 quae
1815 1565 1875 1630 est
1911 1576 1978 1629 ae.

305 1702 309 1717 ’
379 1677 514 1778 quatio
548 1676 813 1755 differentialis
846 1675 961 1777 primi
995 1675 1138 1779 gradus
1172 1674 1344 1774 simplex.

911 1938 1331 2017 Corollarium
1399 1945 1439 2016 3.

514 2178 537 2257 7
547 2177 618 2256 72.
687 2169 750 2247 Sin
786 2180 915 2246 autem
949 2168 1165 2271 hujusmodi
1198 2164 1365 2243 evolutio
1399 2190 1479 2243 uon
1511 2169 1718 2267 succedat,
1752 2171 1843 2248 dum
1875 2172 1979 2251 litte·

378 2324 425 2380 ru
458 2322 485 2401 q
516 2299 579 2375 vel
613 2301 663 2376 ad
697 2298 853 2376 altiores
886 2308 1102 2398 potestates
1136 2297 1324 2397 exsurgit,
1358 2294 1420 2372 vel
1454 2293 1573 2395 signis
1596 2298 1828 2378 radicalibus
1853 2300 1977 2378 invol-
2083 2324 2089 2373 .·

378 2427 503 2522 uitur,
530 2409 601 2503 'vel
631 2427 730 2504 adeo
763 2426 1086 2504 transcendenter
1118 2423 1350 2527 ingreditur,
1383 2423 1561 2521 aequatio
1595 2425 1858 2505 differentialis
1892 2429 1976 2528 qui·

379 2557 470 2635 dem
504 2553 578 2633 crit
609 2553 723 2657 primi
758 2556 902 2657 gradus
935 2552 1007 2634 sed
1039 2554 1295 2656 complicata,
1346 2577 1445 2653 quae
1478 2554 1668 2633 methodis
1702 2546 1975 2659 supra‘erpo·

380 2684 463 2766 sitis
481 2684 571 2765 :erit
603 2686 822 2764 tractanda.

977 2909 1272 2997 Scholion.
1342 2920 1381 2990 1.

515 3176 539 3256 t
549 3175 620 3255 ts.
688 3171 788 3248 Cum
820 3169 956 3269 paucis
990 3167 1143 3248 casibus
1176 3168 1431 3270 aequationes
1455 3169 1728 3250 differentiales
1753 3172 1870 3274 primi
1885 3199 1983 3277 gra·

379 3301 452 3379 dus
484 3298 671 3402 integrari
704 3311 868 3401 queant,
918 3299 1079 3378 eosdem
1111 3296 1227 3375 etiam
1260 3297 1321 3381 hic
1354 3312 1512 3377 notasse
1544 3311 1585 3377 et
1615 3325 1700 3402 per⁴
1720 3303 1897 3404 exempla
1931 3304 1977 3381 il·

353 3427 564 3507 'lustrasse
592 3426 757 3531 juvabit.
805 3427 964 3505 Interim
996 3452 1093 3505 vero
1128 3437 1168 3504 et
1198 3425 1369 3527 reliquos
1403 3451 1520 3506 casus
1553 3428 1664 3528 quasi
1694 3432 1843 3509 solutos
1860 3456 1977 3533 spec·

378 3555 456 3637 tari
490 3556 691 3650 convenit,
724 3556 1033 3656 quandoquidem
1066 3555 1106 3633 iu
1137 3556 1431 3656 aequationibus
1457 3554 1771 3637 differentialibus
1796 3559 1978 3639 altiorum

381 3684 560 3763 ordinum
602 3682 643 3794 id
681 3682 925 3784 potissimum
966 3683 1208 3762 desideratur
1245 3703 1289 3759 ut
1330 3709 1465 3761 earum
1498 3685 1683 3763 resolutio
1716 3687 1766 3762 ad
1801 3689 1977 3766 ordinem

379 3809 602 3890 inferiorem
634 3812 856 3890 reducatur.
923 3811 1119 3913 Perpetuo
1156 3811 1257 3889 eninr
1300 3811 1339 3889 in
1379 3813 1540 3912 Analysi
1569 3839 1668 3913 quae
1702 3814 1837 3892 ordine
1870 3824 1977 3895 trac·

377 3936 538 4050 ¹tationis
568 3939 835 4039 praecedunt,
861 3953 1049 4042 tanquam
1077 3940 1233 4041 penitus
1264 3941 1446 4019 confecta
1477 3941 1648 4042 spectari
1662 3942 1806 4038 solent,
1841 3944 1976 4022 etiam·

380 4065 415 4146 si
446 4065 614 4170 plurima
646 4067 772 4145 adhuc
805 4068 1093 4166 desiderentur,
1125 4080 1167 4146 ut
1199 4072 1277 4149 hoc
1307 4071 1426 4165 modo
1448 4069 1655 4148 multitudo
1670 4070 1976 4150 desideratorum

381 4193 627 4274 diminuatur.
695 4196 757 4275 Ita
789 4197 971 4305 quamvls
998 4196 1116 4302 longe
1148 4200 1275 4276 adhuc
1317 4198 1441 4294 absit,
1487 4197 1694 4298 quominus·
1722 4201 1976 4300 aequatioues

382 4322 625 4427 sigebraicas
675 4324 846 4401 omnium
889 4325 1066 4403 ordinum
1107 4328 1307 4403 resolvere
1346 4326 1566 4422 valeamus,
1614 4327 1709 4403 dum
1741 4329 1839 4406 adeo
1872 4329 1976 4408 vires

379 4464 542 4530 nostrae
573 4474 652 4527 non
686 4452 787 4553 ultra
821 4464 1001 4551 quartum
1034 4456 1310 4549 extenduntur,
1343 4464 1474 4532 tamen
1506 4453 1545 4530 in
1578 4454 1735 4555 Analysi
1765 4456 1977 4533 sublimiori

381 4579 549 4657 omnium
592 4577 762 4655 istarum.
800 4579 1074 4678 aequatiouum
1121 4582 1394 4660 resolutionem
1444 4607 1519 4685 pro
1568 4583 1726 4685 cognita
1775 4586 1975 4662 habemus.

382 4703 499 4803 Quod
531 4706 646 4823 ctiam
679 4731 752 4786 usu
781 4732 862 4788 uon
896 4728 1029 4806 caret,
1069 4733 1156 4790 eum
1188 4709 1227 4788 in
1259 4711 1371 4814 praxi
1402 4711 1587 4793 resolutio
1620 4734 1693 4813 per
1726 4713 1976 4816 approxima·¹
