4304 5714
328 367 402 485 'aa
893 402 1129 483 canor
1190 402 1245 482 n.

272 632 470 711 mogenea
505 608 733 710 appellatur.
803 609 929 686 Casus
972 609 1098 688 minua
1137 613 1217 686 late
1256 616 1460 710 patentes,
1508 606 1723 709 cujusmodi
1756 630 1878 713 supra

273 738 513 832 evolvimus,
549 737 611 813 hic
645 764 724 814 uon
756 760 1119 815 commemoramus,
1186 738 1336 815 Deinde
1370 737 1401 814 si
1435 736 1627 841 quantitas
1661 738 1877 839 qvelplu·

278 865 385 943 ribus
419 865 717 943 dimensionibus
750 868 799 944 sit
829 867 1051 969 implicata,
1100 867 1162 942 vel
1197 868 1294 942 adeo
1327 867 1648 941 transcendenter
1681 864 1877 968 ingredia·

270 1004 359 1088 tur,
408 1016 520 1071 casua
553 995 752 1094 praecipui
784 997 1056 1072 resolutionem
1090 997 1353 1090 admittentes,
1395 994 1722 1092 quemadmodum
1755 1018 1877 1097 supra

243 1120 500 1217 docuimus,
534 1136 642 1199 sunt:
682 1131 728 1213 i)
761 1124 792 1200 si
827 1142 1072 1225 proponatur
1105 1124 1281 1222 aequatio
1311 1147 1569 1221 quaecunque
1602 1121 1704 1197 inter·
1736 1147 1770 1199 x
1792 1146 1875 1226 etq

271 1248 479 1327 deficiente
509 1274 559 1347 p,
612 1258 658 1339 2)
698 1252 732 1328 si
775 1254 952 1349 aequatio
995 1266 1140 1328 tantum
1170 1277 1199 1352 p
1233 1263 1272 1327 et
1305 1275 1330 1353 q
1363 1250 1576 1343 contineat,
1625 1274 1723 1348 quos
1760 1250 1876 1328 binos

271 1376 433 1480 quidem
468 1402 579 1455 casus
608 1380 693 1482 jam
727 1380 855 1481 capite
890 1383 1148 1481 praecedente
1184 1377 1456 1473 tractavimus3
1509 1384 1555 1466 3)
1586 1374 1623 1455 si
1658 1378 1697 1453 iu
1730 1404 1876 1477 aequa·

273 1505 383 1582 tione
417 1507 621 1606 proposita
654 1507 767 1586 binae
801 1511 1005 1587 variabiles
1034 1534 1063 1609 p
1096 1523 1133 1584 et
1167 1535 1198 1583 x
1232 1506 1371 1605 ubique
1405 1506 1569 1583 eundem
1593 1506 1876 1583 dimensionum

243 1635 478 1709 'numerum
519 1637 781 1732 constituant,
834 1643 879 1727 l)
918 1639 948 1715 si
983 1640 1019 1713 in
1062 1636 1289 1734 aequatione
1332 1634 1444 1721 iuter,
1474 1658 1584 1733 ae.‚p
1618 1648 1716 1737 atq
1750 1635 1876 1711 altera

276 1760 455 1839 binarum
496 1763 707 1840 litterarum
747 1790 780 1841 a
813 1766 874 1840 vel
904 1792 931 1866 p
963 1766 1117 1842 unicam
1158 1763 1434 1839 dimensionem
1471 1763 1662 1857 obtineat,
1709 1762 1875 1860 denique

283 1895 330 1981 ὁ)
363 1890 395 1966 si
423 1892 608 1989 ,aequatio
643 1893 696 1968 ita
726 1894 845 1969 ,fuerit
878 1909 1126 1994 comparata,
1162 1906 1203 1968 ut
1236 1891 1362 1989 posito
1398 1891 1598 1984 azad,
1636 1884 1876 1988 1³:2³4*

273 2030 319 2092 et
351 2024 517 2120 qzl',
552 2020 728 2118 aequatio
766 2023 912 2098 oriatur
946 2026 1189 2124 homogeuea
1223 2021 1321 2095 inter
1355 2045 1400 2114 v,
1432 2045 1459 2094 z
1491 2026 1598 2112 eti,
1633 2044 1739 2127 -quae
1772 2020 1876 2097 scili-

277 2160 342 2221 cet
373 2146 512 2244 ubique
547 2148 719 2223 eundern
765 2151 1044 2227 dimensionum
1095 2173 1297 2225 numerum
1338 2146 1586 2227 coristituant.
1650 2146 1877 2225 Secundum

208 2284 222 2311 ⁰
273 2275 347 2353 hos
381 2300 475 2377 ergo
508 2300 621 2354 casus
650 2280 832 2380 exempla
866 2282 1124 2381 proferamus.

717 2542 720 2546 ’
856 2535 1193 2659 Exemplum
1263 2544 1304 2614 t.

275 2895 281 2907 Ι
359 2784 362 2791 ’
409 2793 518 2869 755.
584 2792 834 2890 Investiqare
868 2796 1154 2894 aequationem
1188 2796 1292 2866 iuter
1324 2796 1432 2899 apat
1463 2810 1512 2890 y,
1552 2793 1601 2863 ai
1626 2791 1765 2886 posita
1798 2779 1876 2872 dx

900 2926 1223 3090 <off-siun}

976 3142 1148 3243 dauon

1262 3075 1457 3171 aequatur
1498 3067 1626 3185 datae
1657 3062 1878 3162 saltationi

181 3124 184 3129 ⁴
273 3074 510 3164 constante,
543 3071 645 3146 liaeo
667 3069 865 3169 formula

251 3348 259 3357 e
277 3311 402 3408 ipsius
433 3339 487 3413 a,
520 3342 626 3419 quaa
653 3321 711 3392 sit
744 3334 807 3392 Ξ·-
821 3315 874 3393 Χ.

474 3570 606 3648 Posito
641 3563 921 3672 dyzpdx
953 3590 994 3650 et
1024 3520 1326 3676 dpssqu,
1355 3570 1434 3648 erit

474 3747 713 3948 QVIR}
727 3913 790 3970 ..··:
804 3893 845 3969 X
861 3917 920 3930 -
942 3751 1262 3990 Q&
1294 3892 1458 3990 ideoque

1069 3966 1128 4070 op

279 4614 342 4696 ubi
395 4632 483 4689 cum
531 4600 736 4683 variabiles
783 4628 816 4677 x
849 4617 944 4705 etp
978 4608 1053 4683 sint
1087 4630 1112 4683 a
1144 4628 1185 4683 se
1224 4602 1389 4681 invicem
1423 4610 1647 4702 separatae.
1696 4600 1876 4704 integra·

277 4750 331 4826 tio
367 4745 434 4819 dat
488 4758 493 4765 ·
