4284 5722
306 359 406 459 aar
866 361 1111 457 ,esaar
1175 363 1230 449 x.
1368 318 1375 325 ’

437 506 1539 710 “ffllffll-‘effl'ss—-iffF-’thc-rputar-U,

529 651 549 712 d
561 652 600 709 ι’

240 772 433 867 «existente
459 779 500 857 ‘U
524 778 719 884 ejusmodi
747 735 947 857 'iunctione
973 775 1098 881 'ipsius
1131 801 1179 874 u,
1216 798 1335 877 *quam
1366 768 1656 873 descripsimus.
1718 768 1847 853 stass

242 918 379 989 :autem
406 903 523 993 modo
541 929 596 989 ex
611 907 877 1010 praecedente
900 906 1143 1008 problemate
1167 900 1340 982 construi
1361 910 1495 1002 potest
1523 899 1624 976 'haec
1657 898 1847 999 aequatis

241 1034 1852 1197 „‚„„„÷,0.f„„,.„³]gr÷-<n÷·1>n-oc-ou-aauule

540 1241 1278 1352 ÷n(n·-'l)(C÷⁴pu)y::U,

240 1438 348 1514 quae
382 1438 504 1513 aeque
530 1413 614 1490 'late
647 1423 782 1508 patere
808 1422 875 1487 eat
906 1415 1120 1508 censenda,
1151 1435 1203 1489 ac
1233 1411 1269 1488 si
1298 1409 1536 1488 functionem
1569 1429 1848 1509 quamcunque

246 1538 370 1640 'ipsine
388 1565 423 1616 ιι
445 1540 537 1618 Iloco
553 1540 592 1615 K
620 1537 928 1637 scripsissemus.
994 1540 1098 1619 Hine
1128 1538 1229 1616 enim
1259 1536 1350 1614 loco
1376 1561 1405 1611 ιι
1432 1536 1641 1614 scribendo
1675 1536 1848 1613 functio·

249 1690 341 1771 nem
374 1686 648 1765 quamcunque
681 1663 805 1764 ipsius
838 1671 876 1760 t,
920 1690 971 1743 ac
1003 1660 1060 1749 dl
1086 1691 1166 1767 pro
1201 1675 1411 1741 constante
1438 1660 1655 1761 sumendo,
1704 1682 1848 1741 omnes

249 1791 337 1868 illae
371 1795 520 1869 formae
554 1790 719 1868 deriuari
746 1803 929 1890 possunt.
1025 1794 1086 1871 Ea
1117 1818 1193 1891 quo
1228 1794 1324 1868 haec
1349 1790 1533 1890 aequatio
1561 1788 1684 1865 multo
1723 1787 1849 1866 latius

246 1932 361 2019 ‘patet
398 1918 484 2017 illa,
530 1942 653 2017 «quam
687 1940 814 2018 supra
854 1918 893 1992 in
934 1944 1077 2021 genere
1116 1944 1191 2019 per
1226 1916 1352 1995 series
1385 1904 1557 1993 infinitas
1595 1914 1845 1993 resolvimus.

250 2044 479 2143 Plerumque
514 2058 649 2121 autern
689 2047 762 2120 hae
801 2047 1051 2142 aequationes
1090 2044 1144 2121 ita
1182 2061 1271 2124 aunt
1300 2056 1579 2142 comparatae,
1626 2057 1671 2117 ut
1691 2064 1848 2118 earum

253 2171 459 2272 integratio
483 2172 575 2249 aliis
602 2169 798 2247 'methodis
831 2174 1004 2271 expediri
1031 2175 1139 2250 'haud
1171 2171 1312 2273 possit,
1344 2168 1528 2268 quocirca
1559 2170 1657 2245 haee
1689 2169 1846 2245 metho-

245 2297 324 2373 dus
359 2297 513 2374 omnino
547 2300 663 2399 digna
690 2296 865 2393 ridetur,
897 2301 956 2376 ad
989 2323 1104 2401 quam
1129 2298 1292 2376 ulterius
1315 2295 1573 2375 :excolendam
1602 2297 1843 2373 »Geometrae

247 2445 389 2501 <omues
421 2426 524 2502 sires
548 2424 768 2501 intendant.

851 2648 1152 2733 ssc'ho'lion
1196 2658 1244 2729 2.

378 2855 520 2944 '‘1058.
594 2864 648 2937 'In
679 2861 980 2966 'investigatione
1015 2865 1238 2966 'hujusmodi
1274 2866 1606 2943 'constructionum
1646 2865 1708 2940 'ita
1749 2883 1842 2940 vsuut

245 3006 447 3085 uersatus,
488 3003 530 3065 ut
561 2989 688 3090 primo
713 2992 830 3088 :quasi
857 3018 935 3091 ¹¹per
969 2994 1231 3094 conjecturam
1265 2994 1469 3070 formulam
1502 2993 1694 3091 quandam
1729 2992 1845 3067 diffe-

243 3122 447 3199 rentialem
463 3205 466 3209 ¹
470 3119 512 3217 s
519 3115 554 3192 V
571 3111 597 3199 d
612 3140 644 3188 x
656 3140 718 3209 .-.,·
733 3138 782 3215 y,
824 3118 864 3195 in
895 3143 973 3217 qua
997 3122 1031 3193 V
1064 3130 1149 3194 erat
1172 3131 1289 3196 certa
1309 3121 1456 3196 functio
1477 3120 1649 3220 ipsarum
1682 3144 1710 3194 u
1737 3134 1778 3194 et
1800 3141 1848 3216 x,

243 3243 313 3325 abi
356 3260 484 3322 autem
511 3264 543 3318 rr
586 3260 628 3319 ut
667 3259 859 3323 constans
895 3247 1165 3345 spectabatur,
1223 3268 1499 3341 assumseram,
1548 3248 1711 3346 indeque
1746 3247 1850 3324 dato

250 3373 325 3475 ipsi
358 3398 391 3446 x
424 3372 557 3446 valore
589 3369 734 3445 tributo
764 3372 992 3471 pertigerim
1026 3370 1075 3446 ad
1103 3372 1376 3468 aequationem
1409 3371 1849 3451 diffareatio-differen-

245 3498 384 3576 ttialem
429 3496 528 3571 inter
577 3518 604 3571 ιι
636 3509 675 3571 et
707 3518 755 3593 y,
810 3498 872 3575 cui
909 3499 1076 3574 'formula
1125 3498 1190 3573 illa
1234 3511 1407 3574 assumta
1447 3500 1701 3577 satisfaceret.
1767 3500 1848 3577 Hic

246 3637 380 3702 autem
412 3622 695 3698 observandum
723 3638 789 3700 est
821 3623 924 3701 illam
959 3623 1168 3701 formulam
1211 3623 1435 3725 integralem
1474 3650 1553 3701 non
1592 3651 1753 3726 prorsus
1798 3631 1850 3704 ab

247 3743 416 3829 arbitrio
453 3763 593 3828 'nostro
622 3750 818 3849 spondere,
868 3751 936 3828 sed
971 3765 1081 3829 certa
1123 3753 1305 3850 quadamv
1331 3750 1460 3826 indole
1500 3753 1716 3852 praeditam
1760 3774 1849 3832 esse

247 3878 418 3970 debere,
445 3877 744 3977 ‘utgesolutione
779 3878 883 3955 saeta
916 3904 980 3956 res
1014 3881 1248 3980 perducatur
1275 3879 1329 3953 ad
1366 3881 1633 3975 aequationem
1666 3883 1851 3959 differen-

253 4002 385 4082 t'ialem
418 4002 576 4080 secundi
601 4007 768 4102 gradus.
847 4005 1045 4100 'Quamdiu
1079 4020 1205 4081 autem
1239 4007 1338 4080 hauc
1379 4007 1605 4083 electionem
1639 4007 1711 4085 so'li
1750 4032 1851 4087 corr-

250 4131 427 4234 jecturae
455 4129 736 4230 permittimus,
784 4156 1005 4235 perpaucae
1038 4132 1255 4236 hujusmodi
1288 4133 1478 4209 formulae
1510 4134 1626 4210 menti
1671 4159 1712 4213 se
1741 4139 1850 4213 offe·

250 4269 362 4348 ‘1·unt,
395 4281 494 4352 quae
527 4256 578 4332 ad
603 4280 772 4356 scopum
805 4261 1047 4360 propositum
1076 4261 1324 4361 perducunt:
1375 4260 1568 4359 multoque
1601 4261 1725 4339 minus
1758 4283 1851 4363 spe-

255 4404 345 4456 rare
378 4381 488 4473 licet,
527 4395 576 4455 ut
609 4385 683 4457 hoc
716 4387 833 4460 modo
859 4411 1030 4485 ¹unquam
1067 4388 1116 4462 ad
1143 4387 1277 4462 datam
1312 4389 1580 4484 aequationem
1612 4387 1851 4467 diliercrrlio⁴

260 4506 554 4587 differentialem
586 4509 875 4608 perveniamus,
926 4514 1106 4614 casuiquc
1134 4513 1379 4617 potissimum
1413 4515 1637 4590 tribuendae
1667 4516 1850 4592 sidentur

252 4632 586 4732 constructiones,
627 4653 724 4737 quas
752 4636 818 4715 tric
844 4639 1087 4720 tradidimus.
1181 4645 1287 4719 eum
1314 4641 1433 4744 :igitur
1468 4640 1689 4746 longissime
1723 4643 1851 4723 adhoc
