4304 5714
335 406 423 493 m
867 392 1095 477 CAPUT
1159 398 1232 477 tx.

269 612 450 699 inruuntiu
482 606 715 701 instituatur,
763 619 802 684 et
835 608 1012 706 aequatio
1054 609 1326 685 transformata
1364 606 1404 684 in
1444 607 1580 686 seriem
1624 613 1867 711 resolvatur,

274 746 371 823 ineu
405 736 516 817 uuiiis
550 736 632 815 nliis
663 733 813 810 essibus
845 734 1021 832 abrumpi
1042 734 1211 824 videtur,
1243 734 1314 808 nisi
1337 733 1391 813 ¹iis
1426 738 1563 831 quibus
1591 736 1674 836 ipsa
1708 765 1859 838 sequn-

273 866 326 947 tiu
360 862 580 969 proposito,
631 872 669 935 et
701 859 788 932 inde
821 883 894 959 per
924 858 1088 958 primam
1123 858 1424 933 substitutionem
1459 862 1754 957 transformata,
1806 870 1861 941 ad

269 988 408 1071 turieut
440 986 576 1065 ulicubi
609 985 849 1058 terminatam
882 984 1091 1059 reducitur.
1185 985 1244 1057 Ex
1276 1009 1348 1079 quo
1391 986 1633 1084 perspicuum
1676 1003 1736 1063 est
1779 1014 1861 1090 ope

272 1112 485 1219 hujusmodi
519 1108 898 1197 transformationum
931 1110 993 1182 rix
1025 1134 1191 1207 unquam
1216 1132 1339 1184 novos
1363 1133 1475 1185 casus
1500 1111 1745 1211 integrabiies
1773 1119 1865 1190 erui-

269 1264 400 1341 posue.
467 1238 608 1311 Verum
643 1234 732 1306 dum
764 1235 948 1309 hactenus
978 1234 1067 1309 ioco
1099 1233 1290 1310 variabilis
1322 1257 1351 1330 y
1392 1235 1503 1308 atium
1537 1262 1564 1309 z
1604 1262 1675 1334 per
1713 1243 1863 1316 substi-

267 1366 452 1443 tutionem
485 1358 780 1449 introduximus,
814 1359 935 1432 aitera
966 1384 1019 1451 ω,
1052 1384 1098 1434 ex
1133 1361 1238 1458 cujus
1271 1361 1521 1456 potestatibus
1555 1361 1677 1437 series·-
1706 1365 1859 1440 forma·

271 1492 430 1581 bantur,
463 1496 634 1576 retenta,
665 1483 899 1557 nuncetiam
924 1483 1057 1580 paucis
1073 1486 1333 1583 exploremus,
1366 1487 1558 1578 quomodo
1577 1486 1664 1561 ioco
1689 1487 1861 1587 ipsiusae

270 1612 384 1689 aliam
416 1608 638 1684 variabilem
673 1604 1015 1699 t'introducendo,
1062 1608 1436 1684 transformationem
1470 1610 1603 1707 perfici
1645 1628 1864 1711 oporteat;

269 1738 334 1813 ubi
365 1733 549 1834 imprimis
581 1743 736 1807 notetur
766 1756 925 1808 necesse
958 1745 1036 1826 est,
1084 1759 1171 1809 eum
1204 1753 1293 1807 ante
1332 1733 1555 1809 elementum
1589 1729 1665 1817 dx·
1703 1762 1861 1816 assum.

267 1874 346 1938 tum
389 1860 501 1934 fuerit
549 1867 751 1950 constans,
794 1860 878 1958 jam
916 1857 956 1932 in
992 1860 1266 1934 transformata
1309 1858 1539 1934 elementum
1570 1856 1628 1943 &r
1664 1878 1866 1942 constans·

270 1985 396 2082 accipi
428 1985 581 2059 debere.
646 1982 721 2057 Hic
755 1983 868 2081 igitur
891 1989 908 2055 t
933 1968 1126 2059 'scribetur
1158 1985 1245 2060 loco
1281 1997 1413 2058 certae
1443 1986 1652 2087 cujuspiam
1685 1990 1863 2065 iunctio-

272 2111 332 2187 nis
365 2110 481 2208 ipsius
511 2133 565 2199 x,
604 2130 718 2204 quam
753 2119 878 2183 autem
910 2107 963 2181 ita
995 2124 1262 2208 compara-tam
1294 2132 1378 2186 esse
1406 2109 1549 2219 decet,
1593 2126 1635 2189 ut
1667 2118 1862 2211 aequatio

273 2234 464 2317 resultans
496 2256 545 2310 ne
577 2231 689 2311 nimis
719 2235 788 2311 fiat
818 2232 1064 2333 complicata.

813 2507 1132 2586 Problema
1204 2519 1304 2596 128.

274 2793 278 2801 ,
407 2717 541 2792 1013.
603 2709 809 2811 Proposita
839 2706 1065 2804 aequatione
1098 2707 1591 2787 differendo-differentiali

573 2843 1455 2955 dey÷dedy÷Nydx²:0,

272 3007 362 3084 ioco
395 3001 614 3102 quantitatis
636 3029 669 3081 x
693 3003 809 3080 ulium
828 3008 847 3076 t
865 3001 1128 3095 introducere,
1160 3023 1264 3101 quae
1284 2999 1469 3078 functioni
1490 3002 1653 3102 cuipiam
1677 3005 1804 3106 ipsius.
1819 3041 1863 3088 ar

271 3152 473 3235 sequetur.

925 3316 1179 3396 solutio.

397 3517 531 3597 Divisa
564 3512 794 3613 aequatione
824 3537 898 3615 per
928 3510 1023 3611 iix,
1050 3526 1363 3614 reqraesentetur
1392 3516 1572 3612 aequatio
1600 3518 1656 3594 ite

270 3856 312 3921 nt
344 3847 429 3947 jam
469 3842 726 3920 consideratio
768 3845 945 3921 elementi
982 3838 1079 3938 dx,
1125 3845 1231 3940 quod
1269 3854 1449 3920 constans
1490 3860 1577 3923 erat
1624 3865 1863 3947 assumtum,

271 3971 321 4047 eit
352 3966 519 4047 exclusa.
584 3968 684 4044 Cum
715 3975 733 4043 t
764 3980 948 4067 aequetur
987 3968 1168 4046 functioni
1210 3967 1373 4068 cuipiam
1411 3970 1528 4070 ipsius
1561 3995 1616 4069 rc,
1658 3977 1730 4052 fiat
1759 3977 1863 4056 inde.

267 4104 557 4207 dtdesr,
590 4135 659 4189 aen
688 4079 917 4229 δεῖξ’,
960 4114 1062 4190 unda
1093 4113 1348 4190 nanciscimur

461 4259 1245 4415 nu·.!,³7⁹÷uoy;÷!-{-³-⁸:o„

272 4482 318 4540 ec
351 4470 476 4539 sumtu
507 4461 699 4540 elemento
728 4455 785 4546 dt
815 4474 1021 4541 constante.

456 4601 1612 4753 nrooaffinoroyu-uofaysflt-g-'lzm
