<?xml version="1.0" encoding="UTF-8"?>
<!DOCTYPE html PUBLIC "-//W3C//DTD XHTML 1.0 Transitional//EN"
    "http://www.w3.org/TR/xhtml1/DTD/xhtml1-transitional.dtd">
<html xmlns="http://www.w3.org/1999/xhtml" xml:lang="en" lang="en">
 <head>
  <title>
</title>
<meta http-equiv="Content-Type" content="text/html;charset=utf-8" />
  <meta name='ocr-system' content='tesseract 3.04.00' />
  <meta name='ocr-capabilities' content='ocr_page ocr_carea ocr_par ocr_line ocrx_word'/>
</head>
<body>
  <div class='ocr_page' id='page_1' title='image "./leonhardieuleri03eulegoog_0013.png"; bbox 0 0 4304 5714; ppageno 0'>
   <div class='ocr_carea' id='block_1_1' title="bbox 1004 357 1332 438">
    <p class='ocr_par' dir='ltr' id='par_1_1' title="bbox 1004 357 1332 438">
     <span class='ocr_line' id='line_1_1' title="bbox 1004 357 1332 438; baseline -0.015 0"><span class='ocrx_word' id='word_1_1' title='bbox 1004 357 1236 438; x_wconf 71' lang='lat' dir='ltr'>CAPUT</span> <span class='ocrx_word' id='word_1_2' title='bbox 1299 357 1332 433; x_wconf 88' lang='lat'><strong>1.</strong></span> 
     </span>
    </p>
   </div>
   <div class='ocr_carea' id='block_1_2' title="bbox 935 559 1464 642">
    <p class='ocr_par' dir='ltr' id='par_1_2' title="bbox 935 559 1464 642">
     <span class='ocr_line' id='line_1_2' title="bbox 935 559 1464 642; baseline 0 -1"><span class='ocrx_word' id='word_1_3' title='bbox 935 559 1353 642; x_wconf 81' lang='lat' dir='ltr'><strong>Corollarium</strong></span> <span class='ocrx_word' id='word_1_4' title='bbox 1420 568 1464 641; x_wconf 82' lang='grc'><strong>3.·</strong></span> 
     </span>
    </p>
   </div>
   <div class='ocr_carea' id='block_1_3' title="bbox 410 788 1995 1056">
    <p class='ocr_par' dir='ltr' id='par_1_3' title="bbox 410 788 1995 1056">
     <span class='ocr_line' id='line_1_3' title="bbox 543 788 1994 892; baseline -0.02 -13"><span class='ocrx_word' id='word_1_5' title='bbox 543 801 648 881; x_wconf 76' lang='grc'><strong>709.</strong></span> <span class='ocrx_word' id='word_1_6' title='bbox 714 792 923 872; x_wconf 87' lang='lat' dir='ltr'><strong>Methodus</strong></span> <span class='ocrx_word' id='word_1_7' title='bbox 957 814 1051 892; x_wconf 85' lang='lat' dir='ltr'><strong>ergo</strong></span> <span class='ocrx_word' id='word_1_8' title='bbox 1092 788 1353 884; x_wconf 85' lang='lat' dir='ltr'><strong>desideratur,</strong></span> <span class='ocrx_word' id='word_1_9' title='bbox 1389 789 1603 889; x_wconf 84' lang='lat' dir='ltr'><strong>proposita</strong></span> <span class='ocrx_word' id='word_1_10' title='bbox 1638 788 1865 888; x_wconf 79' lang='lat' dir='ltr'><strong>aequatione</strong></span> <span class='ocrx_word' id='word_1_11' title='bbox 1898 812 1994 888; x_wconf 67' lang='lat' dir='ltr'><strong>qua.</strong></span> 
     </span>
     <span class='ocr_line' id='line_1_4' title="bbox 410 901 1995 1056; baseline -0.009 -34"><span class='ocrx_word' id='word_1_12' title='bbox 410 964 562 1046; x_wconf 80' lang='lat' dir='ltr'><strong>cunque</strong></span> <span class='ocrx_word' id='word_1_13' title='bbox 595 952 753 1042; x_wconf 88' lang='lat' dir='ltr'><strong>praeter</strong></span> <span class='ocrx_word' id='word_1_14' title='bbox 792 940 903 1018; x_wconf 90' lang='lat' dir='ltr'><strong>binas</strong></span> <span class='ocrx_word' id='word_1_15' title='bbox 943 934 1149 1014; x_wconf 78' lang='lat' dir='ltr'>variabiles</span> <span class='ocrx_word' id='word_1_16' title='bbox 1183 962 1215 1012; x_wconf 79' lang='lat' dir='ltr'><strong><em>x</em></strong></span> <span class='ocrx_word' id='word_1_17' title='bbox 1249 947 1288 1011; x_wconf 88' lang='lat' dir='ltr'><strong>et</strong></span> <span class='ocrx_word' id='word_1_18' title='bbox 1320 957 1367 1033; x_wconf 79' lang='lat' dir='ltr'><strong>y,</strong></span> <span class='ocrx_word' id='word_1_19' title='bbox 1418 937 1533 1010; x_wconf 88' lang='lat' dir='ltr'><strong>etiam</strong></span> <span class='ocrx_word' id='word_1_20' title='bbox 1570 935 1806 1034; x_wconf 82' lang='lat' dir='ltr'><strong>quantitates</strong></span> <span class='ocrx_word' id='word_1_21' title='bbox 1832 901 1995 1056; x_wconf 53' lang='lat'><strong>12:332·</strong></span> 
     </span>
    </p>
   </div>
   <div class='ocr_carea' id='block_1_4' title="bbox 407 1066 1994 1226">
    <p class='ocr_par' dir='ltr' id='par_1_4' title="bbox 407 1066 1994 1226">
     <span class='ocr_line' id='line_1_5' title="bbox 407 1066 1994 1226; baseline -0.003 -38"><span class='ocrx_word' id='word_1_22' title='bbox 407 1088 448 1189; x_wconf 77' lang='lat' dir='ltr'><strong>et</strong></span> <span class='ocrx_word' id='word_1_23' title='bbox 479 1066 652 1226; x_wconf 69' lang='lat' dir='ltr'><strong>q:}3</strong></span> <span class='ocrx_word' id='word_1_24' title='bbox 683 1106 925 1197; x_wconf 84' lang='lat' dir='ltr'><strong>involvente,</strong></span> <span class='ocrx_word' id='word_1_25' title='bbox 957 1102 1175 1179; x_wconf 89' lang='lat' dir='ltr'><strong>inveniendi</strong></span> <span class='ocrx_word' id='word_1_26' title='bbox 1208 1100 1433 1178; x_wconf 81' lang='lat' dir='ltr'><strong>relationem</strong></span> <span class='ocrx_word' id='word_1_27' title='bbox 1465 1098 1564 1177; x_wconf 91' lang='lat' dir='ltr'><strong>inter</strong></span> <span class='ocrx_word' id='word_1_28' title='bbox 1597 1104 1700 1205; x_wconf 84' lang='lat' dir='ltr'><strong>ipsas</strong></span> <span class='ocrx_word' id='word_1_29' title='bbox 1732 1130 1765 1180; x_wconf 81' lang='lat' dir='ltr'><strong><em>x</em></strong></span> <span class='ocrx_word' id='word_1_30' title='bbox 1788 1116 1827 1182; x_wconf 90' lang='lat' dir='ltr'><strong>et</strong></span> <span class='ocrx_word' id='word_1_31' title='bbox 1849 1129 1889 1207; x_wconf 75' lang='lat' dir='ltr'><strong>y,</strong></span> <span class='ocrx_word' id='word_1_32' title='bbox 1923 1131 1994 1184; x_wconf 89' lang='lat' dir='ltr'><strong>un·</strong></span> 
     </span>
    </p>
   </div>
   <div class='ocr_carea' id='block_1_5' title="bbox 407 1248 1670 1358">
    <p class='ocr_par' dir='ltr' id='par_1_5' title="bbox 407 1248 1670 1358">
     <span class='ocr_line' id='line_1_6' title="bbox 407 1248 1670 1358; baseline -0.004 -26"><span class='ocrx_word' id='word_1_33' title='bbox 407 1254 456 1332; x_wconf 95' lang='lat' dir='ltr'><strong>de</strong></span> <span class='ocrx_word' id='word_1_34' title='bbox 487 1265 642 1358; x_wconf 89' lang='lat' dir='ltr'><strong>pateat,</strong></span> <span class='ocrx_word' id='word_1_35' title='bbox 675 1252 798 1353; x_wconf 90' lang='lat' dir='ltr'><strong>qualis</strong></span> <span class='ocrx_word' id='word_1_36' title='bbox 831 1273 860 1351; x_wconf 75' lang='lat' dir='ltr'><em>y</em></span> <span class='ocrx_word' id='word_1_37' title='bbox 893 1248 942 1328; x_wconf 81' lang='lat' dir='ltr'><strong>sit</strong></span> <span class='ocrx_word' id='word_1_38' title='bbox 974 1250 1116 1328; x_wconf 81' lang='lat' dir='ltr'><strong>functio</strong></span> <span class='ocrx_word' id='word_1_39' title='bbox 1150 1250 1268 1352; x_wconf 85' lang='lat' dir='ltr'><strong>ipsius</strong></span> <span class='ocrx_word' id='word_1_40' title='bbox 1302 1273 1355 1341; x_wconf 74' lang='lat' dir='ltr'><strong>or,</strong></span> <span class='ocrx_word' id='word_1_41' title='bbox 1388 1271 1457 1325; x_wconf 88' lang='lat' dir='ltr'><strong>seu</strong></span> <span class='ocrx_word' id='word_1_42' title='bbox 1490 1248 1670 1329; x_wconf 86' lang='lat' dir='ltr'><strong>vicissim.</strong></span> 
     </span>
    </p>
   </div>
   <div class='ocr_carea' id='block_1_6' title="bbox 1000 1475 1401 1554">
    <p class='ocr_par' dir='ltr' id='par_1_6' title="bbox 1000 1475 1401 1554">
     <span class='ocr_line' id='line_1_7' title="bbox 1000 1475 1401 1554; baseline -0.01 0"><span class='ocrx_word' id='word_1_43' title='bbox 1000 1475 1290 1554; x_wconf 86' lang='lat' dir='ltr'><strong>Scholion</strong></span> <span class='ocrx_word' id='word_1_44' title='bbox 1364 1484 1401 1552; x_wconf 93' lang='grc'><strong>1.</strong></span> 
     </span>
    </p>
   </div>
   <div class='ocr_carea' id='block_1_7' title="bbox 402 1687 1991 2558">
    <p class='ocr_par' dir='ltr' id='par_1_7' title="bbox 402 1687 1991 2558">
     <span class='ocr_line' id='line_1_8' title="bbox 542 1687 1991 1792; baseline 0 -19"><span class='ocrx_word' id='word_1_45' title='bbox 542 1701 646 1779; x_wconf 83' lang='grc'><strong>110.</strong></span> <span class='ocrx_word' id='word_1_46' title='bbox 716 1693 807 1769; x_wconf 90' lang='lat' dir='ltr'><strong>Hoc</strong></span> <span class='ocrx_word' id='word_1_47' title='bbox 847 1694 965 1770; x_wconf 89' lang='lat' dir='ltr'><strong>modo</strong></span> <span class='ocrx_word' id='word_1_48' title='bbox 1009 1690 1174 1767; x_wconf 82' lang='lat' dir='ltr'><strong>litteram</strong></span> <span class='ocrx_word' id='word_1_49' title='bbox 1208 1713 1234 1791; x_wconf 89' lang='lat' dir='ltr'><strong>q</strong></span> <span class='ocrx_word' id='word_1_50' title='bbox 1267 1687 1549 1769; x_wconf 90' lang='lat' dir='ltr'><strong>introducendo</strong></span> <span class='ocrx_word' id='word_1_51' title='bbox 1591 1692 1840 1792; x_wconf 88' lang='lat' dir='ltr'><strong>aequationes</strong></span> <span class='ocrx_word' id='word_1_52' title='bbox 1882 1692 1991 1773; x_wconf 76' lang='lat' dir='ltr'><strong>dire·</strong></span> 
     </span>
     <span class='ocr_line' id='line_1_9' title="bbox 405 1815 1991 1920; baseline -0.001 -18"><span class='ocrx_word' id='word_1_53' title='bbox 405 1820 854 1905; x_wconf 79' lang='lat' dir='ltr'><strong>tentio-differentiales</strong></span> <span class='ocrx_word' id='word_1_54' title='bbox 889 1846 912 1897; x_wconf 92' lang='lat' dir='ltr'><strong>a</strong></span> <span class='ocrx_word' id='word_1_55' title='bbox 952 1819 1173 1896; x_wconf 85' lang='lat' dir='ltr'><strong>conditione</strong></span> <span class='ocrx_word' id='word_1_56' title='bbox 1214 1815 1307 1909; x_wconf 90' lang='lat' dir='ltr'><strong>illa,</strong></span> <span class='ocrx_word' id='word_1_57' title='bbox 1356 1843 1431 1918; x_wconf 91' lang='lat' dir='ltr'><strong>qua</strong></span> <span class='ocrx_word' id='word_1_58' title='bbox 1481 1821 1689 1920; x_wconf 89' lang='lat' dir='ltr'><strong>quodpiam</strong></span> <span class='ocrx_word' id='word_1_59' title='bbox 1738 1821 1991 1901; x_wconf 77' lang='lat' dir='ltr'><strong>differentialc</strong></span> 
     </span>
     <span class='ocr_line' id='line_1_10' title="bbox 404 1938 1990 2058; baseline -0.004 -27"><span class='ocrx_word' id='word_1_60' title='bbox 404 1954 520 2058; x_wconf 87' lang='lat' dir='ltr'><strong>primi</strong></span> <span class='ocrx_word' id='word_1_61' title='bbox 553 1938 695 2054; x_wconf 75' lang='lat' dir='ltr'><strong>gradus</strong></span> <span class='ocrx_word' id='word_1_62' title='bbox 729 1972 801 2048; x_wconf 92' lang='lat' dir='ltr'><strong>pro</strong></span> <span class='ocrx_word' id='word_1_63' title='bbox 836 1959 1039 2025; x_wconf 85' lang='lat' dir='ltr'><strong>constante</strong></span> <span class='ocrx_word' id='word_1_64' title='bbox 1074 1945 1213 2021; x_wconf 88' lang='lat' dir='ltr'><strong>assumi</strong></span> <span class='ocrx_word' id='word_1_65' title='bbox 1247 1944 1367 2037; x_wconf 85' lang='lat' dir='ltr'><strong>solet,</strong></span> <span class='ocrx_word' id='word_1_66' title='bbox 1401 1946 1624 2024; x_wconf 89' lang='lat' dir='ltr'><strong>liberantur.</strong></span> <span class='ocrx_word' id='word_1_67' title='bbox 1692 1950 1790 2024; x_wconf 88' lang='lat' dir='ltr'><strong>Cum</strong></span> <span class='ocrx_word' id='word_1_68' title='bbox 1824 1951 1924 2025; x_wconf 91' lang='lat' dir='ltr'><strong>euim</strong></span> <span class='ocrx_word' id='word_1_69' title='bbox 1939 1950 1990 2026; x_wconf 95' lang='lat' dir='ltr'><strong>ad</strong></span> 
     </span>
     <span class='ocr_line' id='line_1_11' title="bbox 403 2075 1990 2178; baseline -0.005 -18"><span class='ocrx_word' id='word_1_70' title='bbox 403 2106 533 2161; x_wconf 89' lang='lat' dir='ltr'><strong>meras</strong></span> <span class='ocrx_word' id='word_1_71' title='bbox 574 2075 806 2178; x_wconf 88' lang='lat' dir='ltr'><strong>quantitates</strong></span> <span class='ocrx_word' id='word_1_72' title='bbox 848 2075 973 2152; x_wconf 85' lang='lat' dir='ltr'><strong>finitas</strong></span> <span class='ocrx_word' id='word_1_73' title='bbox 1014 2087 1267 2166; x_wconf 86' lang='lat' dir='ltr'><strong>revocentur,</strong></span> <span class='ocrx_word' id='word_1_74' title='bbox 1315 2097 1414 2168; x_wconf 85' lang='lat' dir='ltr'><strong>quae</strong></span> <span class='ocrx_word' id='word_1_75' title='bbox 1453 2076 1644 2152; x_wconf 88' lang='lat' dir='ltr'><strong>rationem</strong></span> <span class='ocrx_word' id='word_1_76' title='bbox 1684 2075 1990 2153; x_wconf 86' lang='lat' dir='ltr'><strong>differentialium</strong></span> 
     </span>
     <span class='ocr_line' id='line_1_12' title="bbox 402 2198 1991 2315; baseline -0.005 -27"><span class='ocrx_word' id='word_1_77' title='bbox 402 2209 517 2315; x_wconf 89' lang='lat' dir='ltr'><strong>primi</strong></span> <span class='ocrx_word' id='word_1_78' title='bbox 550 2208 693 2310; x_wconf 75' lang='lat' dir='ltr'><strong>gradus</strong></span> <span class='ocrx_word' id='word_1_79' title='bbox 726 2202 964 2304; x_wconf 84' lang='lat' dir='ltr'><strong>exprimunt,</strong></span> <span class='ocrx_word' id='word_1_80' title='bbox 1013 2198 1271 2279; x_wconf 85' lang='lat' dir='ltr'><strong>consideratio</strong></span> <span class='ocrx_word' id='word_1_81' title='bbox 1306 2199 1573 2279; x_wconf 87' lang='lat' dir='ltr'><strong>differentialis</strong></span> <span class='ocrx_word' id='word_1_82' title='bbox 1607 2205 1820 2280; x_wconf 88' lang='lat' dir='ltr'><strong>constantis</strong></span> <span class='ocrx_word' id='word_1_83' title='bbox 1853 2229 1902 2280; x_wconf 91' lang='lat' dir='ltr'><strong>ne</strong></span> <span class='ocrx_word' id='word_1_84' title='bbox 1935 2205 1991 2281; x_wconf 94' lang='lat' dir='ltr'><strong>lo·</strong></span> 
     </span>
     <span class='ocr_line' id='line_1_13' title="bbox 402 2329 1990 2436; baseline -0.004 -22"><span class='ocrx_word' id='word_1_85' title='bbox 402 2363 489 2418; x_wconf 89' lang='lat' dir='ltr'><strong>cum</strong></span> <span class='ocrx_word' id='word_1_86' title='bbox 522 2335 676 2436; x_wconf 89' lang='lat' dir='ltr'><strong>quidem</strong></span> <span class='ocrx_word' id='word_1_87' title='bbox 709 2333 853 2409; x_wconf 90' lang='lat' dir='ltr'><strong>habere</strong></span> <span class='ocrx_word' id='word_1_88' title='bbox 886 2343 1028 2431; x_wconf 88' lang='lat' dir='ltr'><strong>potest.</strong></span> <span class='ocrx_word' id='word_1_89' title='bbox 1113 2330 1281 2421; x_wconf 83' lang='lat' dir='ltr'><strong>Quando</strong></span> <span class='ocrx_word' id='word_1_90' title='bbox 1327 2351 1422 2431; x_wconf 87' lang='lat' dir='ltr'><strong>ergo</strong></span> <span class='ocrx_word' id='word_1_91' title='bbox 1461 2329 1712 2430; x_wconf 88' lang='lat' dir='ltr'><strong>aequationes</strong></span> <span class='ocrx_word' id='word_1_92' title='bbox 1754 2331 1990 2409; x_wconf 87' lang='lat' dir='ltr'><strong>differentio-</strong></span> 
     </span>
     <span class='ocr_line' id='line_1_14' title="bbox 402 2455 1990 2558; baseline -0.004 -14"><span class='ocrx_word' id='word_1_93' title='bbox 402 2462 676 2544; x_wconf 86' lang='lat' dir='ltr'><strong>diffcrentiales</strong></span> <span class='ocrx_word' id='word_1_94' title='bbox 726 2483 835 2535; x_wconf 89' lang='lat' dir='ltr'><strong>more</strong></span> <span class='ocrx_word' id='word_1_95' title='bbox 877 2458 989 2536; x_wconf 90' lang='lat' dir='ltr'><strong>solito</strong></span> <span class='ocrx_word' id='word_1_96' title='bbox 1023 2456 1078 2532; x_wconf 87' lang='lat' dir='ltr'><strong>ita</strong></span> <span class='ocrx_word' id='word_1_97' title='bbox 1110 2455 1357 2549; x_wconf 79' lang='lat' dir='ltr'><strong>exhibentur,</strong></span> <span class='ocrx_word' id='word_1_98' title='bbox 1406 2476 1450 2531; x_wconf 89' lang='lat' dir='ltr'><strong>ut</strong></span> <span class='ocrx_word' id='word_1_99' title='bbox 1497 2457 1707 2558; x_wconf 88' lang='lat' dir='ltr'><strong>quodpiam</strong></span> <span class='ocrx_word' id='word_1_100' title='bbox 1741 2459 1990 2538; x_wconf 83' lang='lat' dir='ltr'><strong>differentiale</strong></span> 
     </span>
    </p>
   </div>
   <div class='ocr_carea' id='block_1_8' title="bbox 394 2567 2068 3491">
    <p class='ocr_par' dir='ltr' id='par_1_8' title="bbox 394 2567 2068 3491">
     <span class='ocr_line' id='line_1_15' title="bbox 399 2567 1989 2730; baseline -0.008 -38"><span class='ocrx_word' id='word_1_101' title='bbox 399 2624 586 2693; x_wconf 89' lang='lat' dir='ltr'><strong>constans</strong></span> <span class='ocrx_word' id='word_1_102' title='bbox 636 2608 685 2686; x_wconf 88' lang='lat' dir='ltr'><strong>sit</strong></span> <span class='ocrx_word' id='word_1_103' title='bbox 734 2624 966 2694; x_wconf 86' lang='lat' dir='ltr'><strong>assumtum,</strong></span> <span class='ocrx_word' id='word_1_104' title='bbox 1012 2601 1293 2677; x_wconf 89' lang='lat' dir='ltr'><strong>introducendo</strong></span> <span class='ocrx_word' id='word_1_105' title='bbox 1335 2598 1479 2680; x_wconf 86' lang='lat' dir='ltr'><strong>litteras</strong></span> <span class='ocrx_word' id='word_1_106' title='bbox 1507 2567 1683 2720; x_wconf 52' lang='grc' dir='ltr'><em>μεθ-ζ</em></span> <span class='ocrx_word' id='word_1_107' title='bbox 1716 2617 1756 2680; x_wconf 90' lang='lat' dir='ltr'><strong>et</strong></span> <span class='ocrx_word' id='word_1_108' title='bbox 1788 2573 1989 2730; x_wconf 51' lang='lat'><strong>&lt;7:322</strong></span> 
     </span>
     <span class='ocr_line' id='line_1_16' title="bbox 399 2743 1992 2859; baseline -0.002 -23"><span class='ocrx_word' id='word_1_109' title='bbox 399 2759 550 2859; x_wconf 89' lang='lat' dir='ltr'><strong>species</strong></span> <span class='ocrx_word' id='word_1_110' title='bbox 584 2747 890 2830; x_wconf 86' lang='lat' dir='ltr'><strong>differentialium</strong></span> <span class='ocrx_word' id='word_1_111' title='bbox 925 2744 1075 2845; x_wconf 91' lang='lat' dir='ltr'><strong>penitus</strong></span> <span class='ocrx_word' id='word_1_112' title='bbox 1110 2744 1276 2838; x_wconf 88' lang='lat' dir='ltr'><strong>tollitur,</strong></span> <span class='ocrx_word' id='word_1_113' title='bbox 1319 2743 1406 2815; x_wconf 87' lang='lat' dir='ltr'><strong>dum</strong></span> <span class='ocrx_word' id='word_1_114' title='bbox 1442 2747 1621 2843; x_wconf 86' lang='lat' dir='ltr'><strong>aequatio</strong></span> <span class='ocrx_word' id='word_1_115' title='bbox 1655 2763 1804 2827; x_wconf 88' lang='lat' dir='ltr'><strong>tautum</strong></span> <span class='ocrx_word' id='word_1_116' title='bbox 1838 2757 1992 2852; x_wconf 79' lang='lat' dir='ltr'><strong>quanti-</strong></span> 
     </span>
     <span class='ocr_line' id='line_1_17' title="bbox 399 2869 1987 2980; baseline -0.012 -18"><span class='ocrx_word' id='word_1_117' title='bbox 399 2899 498 2962; x_wconf 88' lang='lat' dir='ltr'><strong>tates</strong></span> <span class='ocrx_word' id='word_1_118' title='bbox 532 2882 658 2956; x_wconf 85' lang='lat' dir='ltr'><strong>linitas</strong></span> <span class='ocrx_word' id='word_1_119' title='bbox 692 2874 971 2975; x_wconf 87' lang='lat' dir='ltr'><strong>complectitur.</strong></span> <span class='ocrx_word' id='word_1_120' title='bbox 1037 2874 1159 2973; x_wconf 79' lang='lat' dir='ltr'><strong>Atque</strong></span> <span class='ocrx_word' id='word_1_121' title='bbox 1202 2871 1317 2948; x_wconf 89' lang='lat' dir='ltr'><strong>etiam</strong></span> <span class='ocrx_word' id='word_1_122' title='bbox 1359 2869 1527 2949; x_wconf 89' lang='lat' dir='ltr'><strong>vicissim</strong></span> <span class='ocrx_word' id='word_1_123' title='bbox 1559 2877 1759 2974; x_wconf 86' lang='lat' dir='ltr'><strong>proposita</strong></span> <span class='ocrx_word' id='word_1_124' title='bbox 1793 2884 1987 2980; x_wconf 60' lang='lat' dir='ltr'><strong>aequatio.</strong></span> 
     </span>
     <span class='ocr_line' id='line_1_18' title="bbox 398 3002 1987 3110; baseline -0.002 -20"><span class='ocrx_word' id='word_1_125' title='bbox 398 3038 448 3089; x_wconf 91' lang='lat' dir='ltr'><strong>ne</strong></span> <span class='ocrx_word' id='word_1_126' title='bbox 482 3012 582 3087; x_wconf 89' lang='lat' dir='ltr'><strong>inter</strong></span> <span class='ocrx_word' id='word_1_127' title='bbox 615 3005 845 3106; x_wconf 89' lang='lat' dir='ltr'><strong>quantitates</strong></span> <span class='ocrx_word' id='word_1_128' title='bbox 879 3003 1004 3079; x_wconf 86' lang='lat' dir='ltr'><strong>finitas</strong></span> <span class='ocrx_word' id='word_1_129' title='bbox 1036 3026 1089 3096; x_wconf 73' lang='lat' dir='ltr'><strong>cc,</strong></span> <span class='ocrx_word' id='word_1_130' title='bbox 1120 3025 1169 3099; x_wconf 77' lang='lat' dir='ltr'><strong>y,</strong></span> <span class='ocrx_word' id='word_1_131' title='bbox 1198 3024 1247 3099; x_wconf 87' lang='lat' dir='ltr'><strong>p,</strong></span> <span class='ocrx_word' id='word_1_132' title='bbox 1282 3023 1328 3101; x_wconf 86' lang='lat' dir='ltr'><strong>q,</strong></span> <span class='ocrx_word' id='word_1_133' title='bbox 1362 3023 1410 3075; x_wconf 87' lang='lat' dir='ltr'><strong>ea</strong></span> <span class='ocrx_word' id='word_1_134' title='bbox 1442 3002 1493 3076; x_wconf 92' lang='lat' dir='ltr'><strong>ad</strong></span> <span class='ocrx_word' id='word_1_135' title='bbox 1526 3002 1690 3079; x_wconf 88' lang='lat' dir='ltr'><strong>sormam</strong></span> <span class='ocrx_word' id='word_1_136' title='bbox 1716 3008 1914 3110; x_wconf 86' lang='lat' dir='ltr'><strong>vulgarem</strong></span> <span class='ocrx_word' id='word_1_137' title='bbox 1930 3011 1987 3088; x_wconf 91' lang='lat' dir='ltr'><strong>in·</strong></span> 
     </span>
     <span class='ocr_line' id='line_1_19' title="bbox 398 3127 1986 3239; baseline 0 -23"><span class='ocrx_word' id='word_1_138' title='bbox 398 3139 513 3216; x_wconf 85' lang='lat' dir='ltr'><strong>finitis</strong></span> <span class='ocrx_word' id='word_1_139' title='bbox 547 3136 671 3212; x_wconf 90' lang='lat' dir='ltr'><strong>modis</strong></span> <span class='ocrx_word' id='word_1_140' title='bbox 704 3130 837 3208; x_wconf 90' lang='lat' dir='ltr'><strong>reduci</strong></span> <span class='ocrx_word' id='word_1_141' title='bbox 871 3142 1019 3229; x_wconf 90' lang='lat' dir='ltr'><strong>potest,</strong></span> <span class='ocrx_word' id='word_1_142' title='bbox 1061 3139 1176 3227; x_wconf 92' lang='lat' dir='ltr'><strong>prout</strong></span> <span class='ocrx_word' id='word_1_143' title='bbox 1209 3127 1310 3202; x_wconf 87' lang='lat' dir='ltr'><strong>aliud</strong></span> <span class='ocrx_word' id='word_1_144' title='bbox 1345 3139 1458 3226; x_wconf 85' lang='lat' dir='ltr'><strong>atque</strong></span> <span class='ocrx_word' id='word_1_145' title='bbox 1492 3128 1592 3206; x_wconf 88' lang='lat' dir='ltr'><strong>aliud</strong></span> <span class='ocrx_word' id='word_1_146' title='bbox 1626 3132 1880 3213; x_wconf 85' lang='lat' dir='ltr'><strong>differentiale</strong></span> <span class='ocrx_word' id='word_1_147' title='bbox 1914 3165 1986 3239; x_wconf 91' lang='lat' dir='ltr'><strong>pro</strong></span> 
     </span>
     <span class='ocr_line' id='line_1_20' title="bbox 397 3257 2068 3357; baseline -0.001 -13"><span class='ocrx_word' id='word_1_148' title='bbox 397 3276 600 3345; x_wconf 87' lang='lat' dir='ltr'><strong>constante</strong></span> <span class='ocrx_word' id='word_1_149' title='bbox 635 3259 858 3352; x_wconf 84' lang='lat' dir='ltr'><strong>assumitur,</strong></span> <span class='ocrx_word' id='word_1_150' title='bbox 908 3281 1006 3355; x_wconf 86' lang='lat' dir='ltr'><strong>quae</strong></span> <span class='ocrx_word' id='word_1_151' title='bbox 1041 3268 1170 3332; x_wconf 91' lang='lat' dir='ltr'><strong>tamen</strong></span> <span class='ocrx_word' id='word_1_152' title='bbox 1204 3278 1339 3332; x_wconf 89' lang='lat' dir='ltr'><strong>omnes</strong></span> <span class='ocrx_word' id='word_1_153' title='bbox 1373 3257 1523 3333; x_wconf 79' lang='lat' dir='ltr'><strong>formae</strong></span> <span class='ocrx_word' id='word_1_154' title='bbox 1556 3257 1686 3357; x_wconf 89' lang='lat' dir='ltr'><strong>specie</strong></span> <span class='ocrx_word' id='word_1_155' title='bbox 1718 3261 1893 3341; x_wconf 87' lang='lat' dir='ltr'><strong>diversae</strong></span> <span class='ocrx_word' id='word_1_156' title='bbox 1928 3266 1983 3342; x_wconf 89' lang='lat' dir='ltr'><strong>iu·</strong></span> <span class='ocrx_word' id='word_1_157' title='bbox 2065 3264 2068 3271; x_wconf 80' lang='grc'><strong><em>’</em></strong></span> 
     </span>
     <span class='ocr_line' id='line_1_21' title="bbox 394 3381 1986 3491; baseline 0.001 -19"><span class='ocrx_word' id='word_1_158' title='bbox 394 3410 454 3474; x_wconf 88' lang='lat' dir='ltr'><strong>ter</strong></span> <span class='ocrx_word' id='word_1_159' title='bbox 487 3417 529 3470; x_wconf 92' lang='lat' dir='ltr'><strong>se</strong></span> <span class='ocrx_word' id='word_1_160' title='bbox 564 3391 737 3491; x_wconf 87' lang='lat' dir='ltr'><strong>perfecte</strong></span> <span class='ocrx_word' id='word_1_161' title='bbox 772 3385 1023 3479; x_wconf 89' lang='lat' dir='ltr'><strong>conveniunt,</strong></span> <span class='ocrx_word' id='word_1_162' title='bbox 1073 3384 1163 3482; x_wconf 92' lang='lat' dir='ltr'><strong>quin</strong></span> <span class='ocrx_word' id='word_1_163' title='bbox 1205 3381 1320 3459; x_wconf 84' lang='lat' dir='ltr'><strong>etiam</strong></span> <span class='ocrx_word' id='word_1_164' title='bbox 1361 3384 1463 3460; x_wconf 91' lang='lat' dir='ltr'><strong>nullo</strong></span> <span class='ocrx_word' id='word_1_165' title='bbox 1505 3383 1748 3466; x_wconf 77' lang='lat' dir='ltr'><strong>dinerenttati</strong></span> <span class='ocrx_word' id='word_1_166' title='bbox 1782 3407 1986 3474; x_wconf 81' lang='lat' dir='ltr'><strong>constante</strong></span> 
     </span>
    </p>
   </div>
   <div class='ocr_carea' id='block_1_9' title="bbox 395 3510 1515 3616">
    <p class='ocr_par' dir='ltr' id='par_1_9' title="bbox 395 3510 1515 3616">
     <span class='ocr_line' id='line_1_22' title="bbox 395 3510 1515 3616; baseline -0.01 -14"><span class='ocrx_word' id='word_1_167' title='bbox 395 3533 567 3602; x_wconf 84' lang='lat' dir='ltr'><strong>assumto</strong></span> <span class='ocrx_word' id='word_1_168' title='bbox 601 3515 768 3596; x_wconf 81' lang='lat' dir='ltr'><strong>evolutio</strong></span> <span class='ocrx_word' id='word_1_169' title='bbox 802 3514 842 3589; x_wconf 92' lang='lat' dir='ltr'><strong>in</strong></span> <span class='ocrx_word' id='word_1_170' title='bbox 877 3513 1043 3590; x_wconf 90' lang='lat' dir='ltr'><strong>sormam</strong></span> <span class='ocrx_word' id='word_1_171' title='bbox 1076 3510 1227 3588; x_wconf 89' lang='lat' dir='ltr'><strong>solitam</strong></span> <span class='ocrx_word' id='word_1_172' title='bbox 1260 3511 1341 3588; x_wconf 89' lang='lat' dir='ltr'><strong>fieri</strong></span> <span class='ocrx_word' id='word_1_173' title='bbox 1375 3524 1515 3616; x_wconf 84' lang='lat' dir='ltr'><strong>potest.</strong></span> 
     </span>
    </p>
   </div>
   <div class='ocr_carea' id='block_1_10' title="bbox 982 3746 1384 3827">
    <p class='ocr_par' dir='ltr' id='par_1_10' title="bbox 982 3746 1384 3827">
     <span class='ocr_line' id='line_1_23' title="bbox 982 3746 1384 3827; baseline 0 0"><span class='ocrx_word' id='word_1_174' title='bbox 982 3746 1275 3827; x_wconf 82' lang='lat' dir='ltr'><strong>Scholion</strong></span> <span class='ocrx_word' id='word_1_175' title='bbox 1342 3756 1384 3827; x_wconf 85' lang='lat'><strong>2.</strong></span> 
     </span>
    </p>
   </div>
   <div class='ocr_carea' id='block_1_11' title="bbox 390 3988 1982 4484">
    <p class='ocr_par' dir='ltr' id='par_1_11' title="bbox 390 3988 1982 4484">
     <span class='ocr_line' id='line_1_24' title="bbox 528 3988 1981 4095; baseline 0.005 -25"><span class='ocrx_word' id='word_1_176' title='bbox 528 3999 633 4079; x_wconf 81' lang='lat' dir='ltr'><strong>rtt.</strong></span> <span class='ocrx_word' id='word_1_177' title='bbox 698 3988 864 4065; x_wconf 88' lang='lat' dir='ltr'><strong>Primum</strong></span> <span class='ocrx_word' id='word_1_178' title='bbox 898 3989 1013 4092; x_wconf 80' lang='lat' dir='ltr'><strong>igitur</strong></span> <span class='ocrx_word' id='word_1_179' title='bbox 1044 3989 1214 4068; x_wconf 87' lang='lat' dir='ltr'><strong>breviter</strong></span> <span class='ocrx_word' id='word_1_180' title='bbox 1248 3988 1389 4088; x_wconf 80' lang='lat' dir='ltr'><strong>exponi</strong></span> <span class='ocrx_word' id='word_1_181' title='bbox 1421 3991 1648 4090; x_wconf 90' lang='lat' dir='ltr'><strong>conveniet,</strong></span> <span class='ocrx_word' id='word_1_182' title='bbox 1687 4000 1883 4095; x_wconf 91' lang='lat' dir='ltr'><strong>quomodo</strong></span> <span class='ocrx_word' id='word_1_183' title='bbox 1917 4025 1981 4077; x_wconf 89' lang='lat' dir='ltr'><strong>ae·</strong></span> 
     </span>
     <span class='ocr_line' id='line_1_25' title="bbox 393 4117 1981 4229; baseline -0.001 -25"><span class='ocrx_word' id='word_1_184' title='bbox 393 4124 526 4229; x_wconf 91' lang='lat' dir='ltr'><strong>quatio</strong></span> <span class='ocrx_word' id='word_1_185' title='bbox 559 4143 668 4197; x_wconf 90' lang='lat' dir='ltr'><strong>more</strong></span> <span class='ocrx_word' id='word_1_186' title='bbox 702 4117 815 4194; x_wconf 91' lang='lat' dir='ltr'><strong>solito</strong></span> <span class='ocrx_word' id='word_1_187' title='bbox 850 4143 922 4218; x_wconf 89' lang='lat' dir='ltr'><strong>per</strong></span> <span class='ocrx_word' id='word_1_188' title='bbox 955 4118 1223 4196; x_wconf 76' lang='lat' dir='ltr'><strong>differentiam</strong></span> <span class='ocrx_word' id='word_1_189' title='bbox 1256 4117 1414 4193; x_wconf 88' lang='lat' dir='ltr'><strong>secundi</strong></span> <span class='ocrx_word' id='word_1_190' title='bbox 1448 4121 1591 4220; x_wconf 84' lang='lat' dir='ltr'><strong>gradus</strong></span> <span class='ocrx_word' id='word_1_191' title='bbox 1624 4147 1809 4224; x_wconf 85' lang='lat' dir='ltr'><strong>expressa</strong></span> <span class='ocrx_word' id='word_1_192' title='bbox 1834 4130 1884 4206; x_wconf 89' lang='lat' dir='ltr'><strong>ad</strong></span> <span class='ocrx_word' id='word_1_193' title='bbox 1903 4128 1981 4204; x_wconf 87' lang='lat' dir='ltr'><strong>sor·</strong></span> 
     </span>
     <span class='ocr_line' id='line_1_26' title="bbox 390 4242 1982 4345; baseline -0.001 -12"><span class='ocrx_word' id='word_1_194' title='bbox 390 4279 494 4335; x_wconf 87' lang='lat' dir='ltr'><strong>mam</strong></span> <span class='ocrx_word' id='word_1_195' title='bbox 528 4262 701 4329; x_wconf 87' lang='lat' dir='ltr'><strong>nostram</strong></span> <span class='ocrx_word' id='word_1_196' title='bbox 734 4244 866 4324; x_wconf 85' lang='lat' dir='ltr'><strong>reduci</strong></span> <span class='ocrx_word' id='word_1_197' title='bbox 900 4266 1029 4344; x_wconf 90' lang='lat' dir='ltr'><strong>queat,</strong></span> <span class='ocrx_word' id='word_1_198' title='bbox 1077 4244 1331 4345; x_wconf 88' lang='lat' dir='ltr'><strong>quodcunque</strong></span> <span class='ocrx_word' id='word_1_199' title='bbox 1364 4242 1619 4325; x_wconf 83' lang='lat' dir='ltr'><strong>differentiale</strong></span> <span class='ocrx_word' id='word_1_200' title='bbox 1653 4265 1837 4331; x_wconf 87' lang='lat' dir='ltr'><strong>constans</strong></span> <span class='ocrx_word' id='word_1_201' title='bbox 1868 4256 1982 4332; x_wconf 82' lang='lat' dir='ltr'><strong>luerit</strong></span> 
     </span>
     <span class='ocr_line' id='line_1_27' title="bbox 393 4364 1981 4484; baseline -0.002 -21"><span class='ocrx_word' id='word_1_202' title='bbox 393 4393 615 4462; x_wconf 85' lang='lat' dir='ltr'><strong>assumtum.</strong></span> <span class='ocrx_word' id='word_1_203' title='bbox 684 4372 738 4449; x_wconf 84' lang='lat' dir='ltr'><strong>sit</strong></span> <span class='ocrx_word' id='word_1_204' title='bbox 769 4364 824 4454; x_wconf 80' lang='lat' dir='ltr'><strong>dr</strong></span> <span class='ocrx_word' id='word_1_205' title='bbox 858 4376 932 4450; x_wconf 91' lang='lat' dir='ltr'><strong>hoc</strong></span> <span class='ocrx_word' id='word_1_206' title='bbox 967 4373 1218 4451; x_wconf 85' lang='lat' dir='ltr'><strong>differentiale</strong></span> <span class='ocrx_word' id='word_1_207' title='bbox 1267 4392 1341 4471; x_wconf 85' lang='lat' dir='ltr'><strong>pro</strong></span> <span class='ocrx_word' id='word_1_208' title='bbox 1392 4386 1595 4452; x_wconf 89' lang='lat' dir='ltr'><strong>constante</strong></span> <span class='ocrx_word' id='word_1_209' title='bbox 1639 4393 1823 4475; x_wconf 85' lang='lat' dir='ltr'><strong>sumtum,</strong></span> <span class='ocrx_word' id='word_1_210' title='bbox 1872 4384 1981 4484; x_wconf 81' lang='lat' dir='ltr'><strong>eujus</strong></span> 
     </span>
    </p>
   </div>
   <div class='ocr_carea' id='block_1_12' title="bbox 388 4484 1980 4776">
    <p class='ocr_par' dir='ltr' id='par_1_12' title="bbox 388 4484 1980 4776">
     <span class='ocr_line' id='line_1_28' title="bbox 388 4484 1980 4640; baseline 0 -33"><span class='ocrx_word' id='word_1_211' title='bbox 388 4552 485 4632; x_wconf 85' lang='lat' dir='ltr'><strong>ergo</strong></span> <span class='ocrx_word' id='word_1_212' title='bbox 518 4520 620 4602; x_wconf 87' lang='lat' dir='ltr'><strong>ratio</strong></span> <span class='ocrx_word' id='word_1_213' title='bbox 653 4517 703 4594; x_wconf 93' lang='lat' dir='ltr'><strong>ad</strong></span> <span class='ocrx_word' id='word_1_214' title='bbox 736 4512 819 4615; x_wconf 77' lang='lat' dir='ltr'><strong>dx,</strong></span> <span class='ocrx_word' id='word_1_215' title='bbox 854 4523 905 4600; x_wconf 94' lang='lat' dir='ltr'><strong>ob</strong></span> <span class='ocrx_word' id='word_1_216' title='bbox 938 4484 1136 4640; x_wconf 66' lang='lat' dir='ltr'><strong>}{:p,</strong></span> <span class='ocrx_word' id='word_1_217' title='bbox 1185 4540 1256 4621; x_wconf 89' lang='lat' dir='ltr'><strong>per</strong></span> <span class='ocrx_word' id='word_1_218' title='bbox 1292 4537 1322 4614; x_wconf 84' lang='lat' dir='ltr'><strong>p</strong></span> <span class='ocrx_word' id='word_1_219' title='bbox 1355 4534 1396 4591; x_wconf 90' lang='lat' dir='ltr'><strong>et</strong></span> <span class='ocrx_word' id='word_1_220' title='bbox 1437 4518 1539 4598; x_wconf 86' lang='lat' dir='ltr'><strong>sorte</strong></span> <span class='ocrx_word' id='word_1_221' title='bbox 1572 4521 1677 4624; x_wconf 83' lang='lat' dir='ltr'><strong>ipsas</strong></span> <span class='ocrx_word' id='word_1_222' title='bbox 1711 4523 1914 4604; x_wconf 87' lang='lat' dir='ltr'><strong>variabiles</strong></span> <span class='ocrx_word' id='word_1_223' title='bbox 1945 4552 1980 4607; x_wconf 76' lang='lat' dir='ltr'><strong><em>x</em></strong></span> 
     </span>
     <span class='ocr_line' id='line_1_29' title="bbox 391 4651 1979 4776; baseline 0.003 -28"><span class='ocrx_word' id='word_1_224' title='bbox 391 4696 431 4757; x_wconf 77' lang='lat' dir='ltr'><strong>et</strong></span> <span class='ocrx_word' id='word_1_225' title='bbox 461 4697 490 4776; x_wconf 75' lang='lat' dir='ltr'><em>y</em></span> <span class='ocrx_word' id='word_1_226' title='bbox 522 4672 658 4762; x_wconf 76' lang='lat' dir='ltr'><strong>datur-3</strong></span> <span class='ocrx_word' id='word_1_227' title='bbox 707 4681 876 4768; x_wconf 87' lang='lat' dir='ltr'><strong>ponatur</strong></span> <span class='ocrx_word' id='word_1_228' title='bbox 920 4651 1015 4772; x_wconf 85' lang='lat' dir='ltr'><strong>ergo</strong></span> <span class='ocrx_word' id='word_1_229' title='bbox 1068 4657 1324 4773; x_wconf 67' lang='grc' dir='ltr'><strong>ὸεενόω,</strong></span> <span class='ocrx_word' id='word_1_230' title='bbox 1371 4681 1414 4748; x_wconf 81' lang='lat' dir='ltr'><strong>ut</strong></span> <span class='ocrx_word' id='word_1_231' title='bbox 1454 4690 1479 4746; x_wconf 87' lang='lat' dir='ltr'><em>v</em></span> <span class='ocrx_word' id='word_1_232' title='bbox 1519 4668 1587 4747; x_wconf 81' lang='lat' dir='ltr'><strong>fiat</strong></span> <span class='ocrx_word' id='word_1_233' title='bbox 1624 4670 1816 4770; x_wconf 87' lang='lat' dir='ltr'><strong>quantitas</strong></span> <span class='ocrx_word' id='word_1_234' title='bbox 1860 4670 1979 4753; x_wconf 85' lang='lat' dir='ltr'><strong>finita.</strong></span> 
     </span>
    </p>
   </div>
   <div class='ocr_carea' id='block_1_13' title="bbox 0 0 2156 5714">
    <p class='ocr_par' dir='ltr' id='par_1_13' title="bbox 0 0 2156 5714">
     <span class='ocr_line' id='line_1_30' title="bbox 0 0 2156 5714; baseline 0 9"><span class='ocrx_word' id='word_1_235' title='bbox 0 0 2156 5714; x_wconf 95' lang='lat' dir='ltr'><strong> </strong></span> 
     </span>
    </p>
   </div>
  </div>
 </body>
</html>
