4304 5714
337 348 394 421 ⁶⁶
881 330 1121 436 ,carar
1187 328 1259 406 tu.

266 545 457 621 contineri
493 522 812 641 deprehenditur:
865 536 979 610 nihilo
1026 562 1120 610 vero
1155 535 1278 610 tninus
1315 534 1501 617 satisfacit
1536 510 1752 632 aequationi
1786 526 1860 604 dil·

207 742 210 749 .
268 671 695 748 ferenrio-differentiali
733 665 970 767 propositae.
1051 665 1134 738 lloe
1170 689 1263 763 crgo
1299 665 1476 763 exemplo
1509 663 1630 763 magis
1666 658 1860 733 illustran-

269 815 332 877 tur
366 826 432 890 ea,
474 825 572 898 quac
607 823 725 896 supra
759 796 864 870 eirca
901 797 972 867 lroc
1017 794 1244 891 paradoxon
1278 815 1405 867 sutnus
1441 787 1709 873 commentati,
1756 784 1859 882 quod

269 928 459 1002 interdurn
495 927 712 1025 aequationl
759 895 998 996 dilletcntlali
1044 922 1254 994 satisfaciat
1296 920 1472 1018 aequatio
1516 920 1638 1009 linita,
1690 939 1787 1011 qnae
1823 915 1862 991 'tn

271 1056 450 1154 integrali
493 1057 685 1152 completo
729 1053 882 1126 tninitnc
914 1052 1180 1153 contineatur.
1265 1051 1446 1123 Videmus
1487 1050 1600 1149 igitur
1645 1048 1716 1119 ltoc
1760 1043 1862 1114 idern

271 1187 498 1282 paradoxon
535 1185 648 1257 etiarn
691 1185 727 1256 ln
759 1160 1063 1276 'at-‹ptationitns
1099 1177 1682 1252 dill'erentio·‹lillerentialilnts
1732 1170 1861 1243 locutn

266 1314 427 1386 ltabere.
496 1312 627 1385 Utrum
681 1328 808 1384 autern
858 1293 920 1380 illa
974 1304 1151 1401 actptatio
1192 1308 1413 1404 yszn·
1446 1307 1545 1381 inter
1579 1297 1779 1401 integralia
1813 1296 1864 1373 sit

273 1441 527 1524 admittenda,
563 1441 633 1513 aliu
671 1455 729 1514 est
752 1437 957 1535 «quaestio,
993 1460 1090 1530 quac
1125 1435 1293 1508 nondum
1329 1434 1476 1533 penitus
1504 1435 1864 1524 videturconfecta3

273 1570 333 1642 hic
370 1569 522 1665 quidem
559 1569 642 1668 ipsa
677 1561 852 1665 aequatio
895 1542 1094 1661 proposita
1135 1562 1243 1660 quasi
1286 1565 1455 1638 factores
1495 1567 1638 1640 habens
1673 1578 1731 1639 est
1770 1588 1865 1637 cen--

273 1698 410 1791 seoda,
458 1723 502 1772 ex
537 1723 699 1794 quorum
735 1697 858 1770 altero
894 1674 973 1764 itta'
998 1691 1176 1799 aequatio
1215 1693 1440 1790 yzcasa·
1473 1710 1674 1786 nascatur,
1726 1718 1865 1767 verum

273 1826 430 1899 multum
465 1829 597 1918 abest,
647 1840 688 1900 ut
729 1825 766 1898 in
810 1828 881 1897 hac
915 1819 1168 1918 explicatione
1211 1820 1455 1918 acquiescere
1491 1847 1687 1918 queamus.
1756 1822 1865 1915 Quin

277 1955 403 2049 potius
437 1962 522 2052 ipsa
556 1953 620 2027 illa
654 1953 846 2050 quaestio,
900 1949 980 2024 sire
1023 1950 1258 2047 geometrica
1301 1949 1414 2023 suerit
1448 1950 1529 2025 sire
1563 1955 1656 2027 alius
1691 1955 1863 2056 discipli-

274 2105 366 2173 nae,
416 2085 523 2182 cujus
564 2080 703 2155 solutio
747 2083 794 2154 ad
837 2078 1049 2177 hujusmodi
1085 2072 1352 2173 aequationcul
1387 2081 1625 2175 perduxerit,
1679 2096 1865 2160 accurate

274 2210 461 2308 perpendi
495 2210 636 2283 debere
671 2208 842 2300 videtur3
876 2205 936 2278 ubi
973 2207 1196 2303 plerumque
1232 2207 1331 2278 hautl
1365 2207 1570 2282 difficulter
1600 2211 1768 2287 indicare
1789 2238 1863 2311 po·

274 2351 366 2428 test,
403 2356 529 2410 utrum
564 2339 741 2436 quioquid
777 2334 992 2435 aequationi
1027 2334 1268 2411 dill'erentiali
1303 2335 1537 2429 satisfaciat,
1584 2337 1619 2410 id
1655 2342 1769 2415 etiarn
1805 2341 1865 2440 ip·
1952 2337 1966 2425 ,’

272 2464 304 2541 si
339 2467 552 2563 quaestioni
588 2467 791 2542 conueniat
825 2491 901 2539 nec
932 2461 1007 2537 nc?
1073 2461 1196 2537 Veluti
1230 2462 1259 2536 si
1295 2463 1501 2538 descensus
1536 2469 1663 2565 gravis
1698 2495 1744 2543 ex
1778 2469 1865 2545 alti·

273 2594 403 2668 tudine
436 2615 507 2669 :a
542 2595 702 2671 labentis
737 2592 885 2668 deliniri
920 2593 1082 2684 debeat,
1116 2606 1155 2666 et
1188 2590 1350 2666 altitudo
1382 2618 1457 2690 qua
1492 2595 1574 2693 jatn
1610 2620 1631 2668 a
1666 2610 1770 2671 terra
1807 2598 1865 2671 di·

273 2735 352 2796 stat
385 2721 432 2797 sit
466 2747 523 2815 x,
555 2723 627 2797 erit
661 2723 711 2797 ibi
744 2721 921 2796 celeritas
955 2734 995 2792 ut
1030 2703 1072 2823 qs
1087 2727 1287 2812 (ct—rr),
1337 2734 1375 2794 et
1417 2721 1642 2796 elementum
1679 2725 1866 2822 temporis

275 2835 587 3001 &QVE-(z.
654 2868 729 2940 llic
772 2864 926 2964 quidem
967 2868 1128 2941 evidens
1165 2881 1225 2942 est
1266 2867 1323 2943 isti
1369 2868 1586 2964 aequationi
1620 2869 1866 2951 differentiali

275 3014 451 3090 satisfieri
484 3015 665 3113 ponendo
699 3033 831 3104 xm,
870 3011 923 3085 ita
956 3027 998 3085 ut
1031 3027 1182 3113 ternpus
1217 3022 1231 3087 t
1265 3031 1420 3088 mancat
1460 3017 1716 3111 indefinitum,
1758 3023 1867 3117 quod

275 3161 402 3216 tamen
456 3143 667 3240 quaestioni
717 3141 935 3237 nentiquam
986 3151 1188 3236 convenit,
1236 3168 1338 3242 quac
1383 3143 1508 3219 nonisi
1542 3170 1636 3227 vero
1683 3148 1863 3249 integrali

190 3306 194 3313 ’
274 3261 685 3377 tz2qs(ct-oe)
721 3268 943 3344 resolvitur.

842 3476 1156 3602 Problema
1228 3535 1329 3602 100.

410 3739 513 3807 822.
584 3731 618 3806 Si
651 3731 690 3806 in
724 3729 954 3828 aetptatione
986 3728 1467 3808 differendo·differentiali
1502 3733 1745 3834 varialtilisy
1778 3762 1870 3813 cum

274 3859 351 3935 suis
386 3842 699 3935 ditl'ercntialilnts
750 3854 820 3958 dy
854 3874 892 3933 et
925 3851 950 3938 t)
975 3850 1041 3954 dy
1091 3858 1228 3955 ultique
1278 3863 1441 3937 eundem
1483 3864 1759 3945 dimensionum
1795 3890 1870 3938 nu·

275 4011 422 4058 merum
457 3987 684 4085 adimpleat,
734 3991 816 4091 ejus
849 3986 1145 4087 integrationem
1185 3988 1235 4062 atl
1273 3991 1540 4098 aequationem
1572 3992 1870 4068 differentialem

274 4114 389 4212 primi
423 4115 564 4213 gradus
597 4117 796 4191 reducere.

943 4348 1199 4424 Soluti0.

404 4555 530 4631 Posito
568 4555 638 4654 &y
660 4551 852 4654 :pila
888 4577 924 4633 et
960 4554 1023 4658 Dp
1045 4555 1260 4664 :qm
1308 4560 1489 4658 aequatio
1520 4560 1573 4633 ita
1607 4561 1679 4634 erit
1711 4584 1872 4658 compt-

273 4701 381 4776 rata,
417 4702 457 4760 ut
490 4688 528 4759 in
562 4712 606 4761 ea
644 4703 775 4760 ternae
810 4688 1013 4765 variabiles
1045 4716 1093 4787 y,
1125 4717 1172 4790 p,
1207 4717 1253 4792 q,
1295 4690 1432 4788 ubique
1465 4689 1628 4764 cundem
1663 4688 1872 4769 dimensio·
