<?xml version="1.0" encoding="UTF-8"?>
<!DOCTYPE html PUBLIC "-//W3C//DTD XHTML 1.0 Transitional//EN"
    "http://www.w3.org/TR/xhtml1/DTD/xhtml1-transitional.dtd">
<html xmlns="http://www.w3.org/1999/xhtml" xml:lang="en" lang="en">
 <head>
  <title>
</title>
<meta http-equiv="Content-Type" content="text/html;charset=utf-8" />
  <meta name='ocr-system' content='tesseract 3.04.00' />
  <meta name='ocr-capabilities' content='ocr_page ocr_carea ocr_par ocr_line ocrx_word'/>
</head>
<body>
  <div class='ocr_page' id='page_1' title='image "./leonhardieuleri03eulegoog_0057.png"; bbox 0 0 4284 5722; ppageno 0'>
   <div class='ocr_carea' id='block_1_1' title="bbox 496 357 1446 453">
    <p class='ocr_par' dir='ltr' id='par_1_1' title="bbox 496 357 1446 453">
     <span class='ocr_line' id='line_1_1' title="bbox 496 357 1446 453; baseline -0.012 -6"><span class='ocrx_word' id='word_1_1' title='bbox 496 366 554 453; x_wconf 70' lang='lat' dir='ltr'>dd</span> <span class='ocrx_word' id='word_1_2' title='bbox 807 368 815 377; x_wconf 73' lang='grc'><strong>’</strong></span> <span class='ocrx_word' id='word_1_3' title='bbox 1043 361 1270 445; x_wconf 77' lang='lat' dir='ltr'><strong>CAPUT</strong></span> <span class='ocrx_word' id='word_1_4' title='bbox 1334 357 1446 437; x_wconf 51' lang='lat'>1110</span> 
     </span>
    </p>
   </div>
   <div class='ocr_carea' id='block_1_2' title="bbox 423 536 2100 1167">
    <p class='ocr_par' dir='ltr' id='par_1_2' title="bbox 423 536 2100 1167">
     <span class='ocr_line' id='line_1_2' title="bbox 423 536 2030 678; baseline -0.011 -27"><span class='ocrx_word' id='word_1_5' title='bbox 423 572 528 678; x_wconf 76' lang='lat' dir='ltr'>&#39;gulis</span> <span class='ocrx_word' id='word_1_6' title='bbox 561 570 799 675; x_wconf 88' lang='lat' dir='ltr'>aequationis</span> <span class='ocrx_word' id='word_1_7' title='bbox 832 569 1004 649; x_wconf 88' lang='lat' dir='ltr'>terminia</span> <span class='ocrx_word' id='word_1_8' title='bbox 1038 568 1137 645; x_wconf 88' lang='lat' dir='ltr'>idem</span> <span class='ocrx_word' id='word_1_9' title='bbox 1172 565 1322 644; x_wconf 90' lang='lat' dir='ltr'>oriatur</span> <span class='ocrx_word' id='word_1_10' title='bbox 1355 536 1632 640; x_wconf 88' lang='lat' dir='ltr'>dimensionum</span> <span class='ocrx_word' id='word_1_11' title='bbox 1666 580 1864 636; x_wconf 87' lang='lat' dir='ltr'>numerus.</span> <span class='ocrx_word' id='word_1_12' title='bbox 1907 553 2030 634; x_wconf 82' lang='lat' dir='ltr'>Vicis-</span> 
     </span>
     <span class='ocr_line' id='line_1_3' title="bbox 430 690 2100 805; baseline -0.013 -24"><span class='ocrx_word' id='word_1_13' title='bbox 430 702 503 782; x_wconf 81' lang='lat' dir='ltr'>sim</span> <span class='ocrx_word' id='word_1_14' title='bbox 535 726 632 805; x_wconf 86' lang='lat' dir='ltr'>ergo</span> <span class='ocrx_word' id='word_1_15' title='bbox 665 700 815 801; x_wconf 88' lang='lat' dir='ltr'>quoties</span> <span class='ocrx_word' id='word_1_16' title='bbox 850 702 948 777; x_wconf 86' lang='lat' dir='ltr'>haee</span> <span class='ocrx_word' id='word_1_17' title='bbox 981 697 1202 800; x_wconf 81' lang='lat' dir='ltr'><strong>proprietas</strong></span> <span class='ocrx_word' id='word_1_18' title='bbox 1235 693 1274 771; x_wconf 94' lang='lat' dir='ltr'>in</span> <span class='ocrx_word' id='word_1_19' title='bbox 1309 691 1535 789; x_wconf 84' lang='lat' dir='ltr'><strong>aequatione</strong></span> <span class='ocrx_word' id='word_1_20' title='bbox 1568 690 1669 765; x_wconf 91' lang='lat' dir='ltr'>inter</span> <span class='ocrx_word' id='word_1_21' title='bbox 1684 703 1892 787; x_wconf 88' lang='lat' dir='ltr'>quaternas</span> <span class='ocrx_word' id='word_1_22' title='bbox 1908 708 2031 786; x_wconf 90' lang='lat' dir='ltr'>quau·</span> <span class='ocrx_word' id='word_1_23' title='bbox 2091 690 2100 701; x_wconf 84' lang='lat'><strong><em>&#39;</em></strong></span> 
     </span>
     <span class='ocr_line' id='line_1_4' title="bbox 431 814 2032 930; baseline -0.014 -20"><span class='ocrx_word' id='word_1_24' title='bbox 431 814 561 910; x_wconf 82' lang='lat' dir='ltr'>titates&#39;</span> <span class='ocrx_word' id='word_1_25' title='bbox 595 814 649 927; x_wconf 64' lang='lat' dir='ltr'>aa,</span> <span class='ocrx_word' id='word_1_26' title='bbox 681 851 728 929; x_wconf 76' lang='lat' dir='ltr'>y,</span> <span class='ocrx_word' id='word_1_27' title='bbox 759 854 786 929; x_wconf 83' lang='lat' dir='ltr'>p</span> <span class='ocrx_word' id='word_1_28' title='bbox 820 850 861 905; x_wconf 87' lang='lat' dir='ltr'>et</span> <span class='ocrx_word' id='word_1_29' title='bbox 894 853 919 930; x_wconf 84' lang='lat' dir='ltr'>q</span> <span class='ocrx_word' id='word_1_30' title='bbox 956 826 1156 929; x_wconf 87' lang='lat' dir='ltr'>proposita</span> <span class='ocrx_word' id='word_1_31' title='bbox 1191 821 1523 925; x_wconf 76' lang='lat' dir='ltr'>deprehenditur,</span> <span class='ocrx_word' id='word_1_32' title='bbox 1558 845 1604 896; x_wconf 88' lang='lat' dir='ltr'>ea</span> <span class='ocrx_word' id='word_1_33' title='bbox 1641 814 1818 919; x_wconf 86' lang='lat' dir='ltr'>aequatio</span> <span class='ocrx_word' id='word_1_34' title='bbox 1854 815 1929 893; x_wconf 87' lang='lat' dir='ltr'>erit</span> <span class='ocrx_word' id='word_1_35' title='bbox 1961 818 2032 890; x_wconf 87' lang='lat' dir='ltr'>ho·</span> 
     </span>
     <span class='ocr_line' id='line_1_5' title="bbox 430 946 2035 1069; baseline -0.012 -31"><span class='ocrx_word' id='word_1_36' title='bbox 430 982 623 1069; x_wconf 86' lang='lat' dir='ltr'>mogenea</span> <span class='ocrx_word' id='word_1_37' title='bbox 655 975 696 1039; x_wconf 86' lang='lat' dir='ltr'>et</span> <span class='ocrx_word' id='word_1_38' title='bbox 728 959 854 1036; x_wconf 84' lang='lat' dir='ltr'>forma</span> <span class='ocrx_word' id='word_1_39' title='bbox 888 956 1038 1058; x_wconf 77' lang='lat' dir='ltr'>vulgari</span> <span class='ocrx_word' id='word_1_40' title='bbox 1082 977 1267 1057; x_wconf 82' lang='lat' dir='ltr'>expressa</span> <span class='ocrx_word' id='word_1_41' title='bbox 1307 950 1513 1028; x_wconf 79' lang='lat' dir='ltr'>manifesto</span> <span class='ocrx_word' id='word_1_42' title='bbox 1547 946 1905 1050; x_wconf 53' lang='lat' dir='ltr'>homogeneitatem.</span> <span class='ocrx_word' id='word_1_43' title='bbox 1931 955 2035 1044; x_wconf 79' lang='lat' dir='ltr'>prae</span> 
     </span>
     <span class='ocr_line' id='line_1_6' title="bbox 430 1087 1140 1167; baseline -0.007 -2"><span class='ocrx_word' id='word_1_44' title='bbox 430 1109 475 1165; x_wconf 83' lang='lat' dir='ltr'>se</span> <span class='ocrx_word' id='word_1_45' title='bbox 506 1087 621 1167; x_wconf 84' lang='lat' dir='ltr'>feret.</span> <span class='ocrx_word' id='word_1_46' title='bbox 1137 1096 1140 1105; x_wconf 90' lang='lat'>&#39;</span> 
     </span>
    </p>
   </div>
   <div class='ocr_carea' id='block_1_3' title="bbox 959 1282 1489 1366">
    <p class='ocr_par' dir='ltr' id='par_1_3' title="bbox 959 1282 1489 1366">
     <span class='ocr_line' id='line_1_7' title="bbox 959 1282 1489 1366; baseline -0.006 0"><span class='ocrx_word' id='word_1_47' title='bbox 959 1282 1379 1366; x_wconf 80' lang='lat' dir='ltr'>corollarium</span> <span class='ocrx_word' id='word_1_48' title='bbox 1449 1294 1489 1363; x_wconf 85' lang='lat' dir='ltr'>t.</span> 
     </span>
    </p>
   </div>
   <div class='ocr_carea' id='block_1_4' title="bbox 431 1486 2031 1796">
    <p class='ocr_par' dir='ltr' id='par_1_4' title="bbox 431 1486 2031 1796">
     <span class='ocr_line' id='line_1_8' title="bbox 565 1486 2031 1633; baseline -0.018 -17"><span class='ocrx_word' id='word_1_49' title='bbox 565 1528 668 1618; x_wconf 84' lang='lat'>7&#39;91.</span> <span class='ocrx_word' id='word_1_50' title='bbox 737 1528 773 1607; x_wconf 89' lang='lat' dir='ltr'>Si</span> <span class='ocrx_word' id='word_1_51' title='bbox 822 1554 918 1633; x_wconf 87' lang='lat' dir='ltr'>ergo</span> <span class='ocrx_word' id='word_1_52' title='bbox 969 1486 1008 1604; x_wconf 85' lang='lat' dir='ltr'>in</span> <span class='ocrx_word' id='word_1_53' title='bbox 1050 1525 1278 1629; x_wconf 82' lang='lat' dir='ltr'>aequatione</span> <span class='ocrx_word' id='word_1_54' title='bbox 1317 1523 1385 1601; x_wconf 92' lang='lat' dir='ltr'>tali</span> <span class='ocrx_word' id='word_1_55' title='bbox 1425 1525 1673 1625; x_wconf 81' lang='lat' dir='ltr'>homogenea</span> <span class='ocrx_word' id='word_1_56' title='bbox 1703 1516 1804 1594; x_wconf 89' lang='lat' dir='ltr'>inter</span> <span class='ocrx_word' id='word_1_57' title='bbox 1836 1544 1890 1611; x_wconf 83' lang='lat' dir='ltr'>x,</span> <span class='ocrx_word' id='word_1_58' title='bbox 1920 1536 2031 1625; x_wconf 53' lang='grc' dir='ltr'>φρ</span> 
     </span>
     <span class='ocr_line' id='line_1_9' title="bbox 431 1659 2030 1796; baseline -0.008 -43"><span class='ocrx_word' id='word_1_59' title='bbox 431 1686 472 1760; x_wconf 79' lang='lat' dir='ltr'>et</span> <span class='ocrx_word' id='word_1_60' title='bbox 504 1699 531 1778; x_wconf 84' lang='lat' dir='ltr'>q</span> <span class='ocrx_word' id='word_1_61' title='bbox 563 1687 754 1762; x_wconf 76' lang='lat' dir='ltr'><strong>statuatur</strong></span> <span class='ocrx_word' id='word_1_62' title='bbox 784 1700 891 1775; x_wconf 77' lang='lat' dir='ltr'>y:</span> <span class='ocrx_word' id='word_1_63' title='bbox 909 1700 985 1752; x_wconf 78' lang='lat' dir='ltr'>ux</span> <span class='ocrx_word' id='word_1_64' title='bbox 1016 1689 1057 1755; x_wconf 90' lang='lat' dir='ltr'>et</span> <span class='ocrx_word' id='word_1_65' title='bbox 1091 1696 1197 1781; x_wconf 86' lang='lat' dir='ltr'>q:</span> <span class='ocrx_word' id='word_1_66' title='bbox 1216 1659 1275 1796; x_wconf 60' lang='grc' dir='ltr'>-Ξ,</span> <span class='ocrx_word' id='word_1_67' title='bbox 1308 1695 1456 1750; x_wconf 88' lang='lat' dir='ltr'>omnes.</span> <span class='ocrx_word' id='word_1_68' title='bbox 1475 1671 1629 1749; x_wconf 87' lang='lat' dir='ltr'>termini</span> <span class='ocrx_word' id='word_1_69' title='bbox 1663 1669 1826 1745; x_wconf 90' lang='lat' dir='ltr'>eandem</span> <span class='ocrx_word' id='word_1_70' title='bbox 1856 1680 2030 1769; x_wconf 82' lang='lat' dir='ltr'>potesta·</span> 
     </span>
    </p>
   </div>
   <div class='ocr_carea' id='block_1_5' title="bbox 430 1820 2033 2054">
    <p class='ocr_par' dir='ltr' id='par_1_5' title="bbox 430 1820 2033 2054">
     <span class='ocr_line' id='line_1_10' title="bbox 432 1820 2033 1928; baseline 0 -30"><span class='ocrx_word' id='word_1_71' title='bbox 432 1836 512 1901; x_wconf 88' lang='lat' dir='ltr'>tem</span> <span class='ocrx_word' id='word_1_72' title='bbox 544 1822 664 1925; x_wconf 88' lang='lat' dir='ltr'>ipsius</span> <span class='ocrx_word' id='word_1_73' title='bbox 696 1852 729 1901; x_wconf 74' lang='lat' dir='ltr'>a:</span> <span class='ocrx_word' id='word_1_74' title='bbox 763 1825 1037 1921; x_wconf 87' lang='lat' dir='ltr'>continebunt,</span> <span class='ocrx_word' id='word_1_75' title='bbox 1070 1851 1147 1925; x_wconf 91' lang='lat' dir='ltr'>qua</span> <span class='ocrx_word' id='word_1_76' title='bbox 1180 1852 1277 1928; x_wconf 84' lang='lat' dir='ltr'>ergo</span> <span class='ocrx_word' id='word_1_77' title='bbox 1312 1846 1384 1922; x_wconf 89' lang='lat' dir='ltr'>per</span> <span class='ocrx_word' id='word_1_78' title='bbox 1403 1820 1644 1919; x_wconf 78' lang='lat' dir='ltr'>¹divisionem</span> <span class='ocrx_word' id='word_1_79' title='bbox 1678 1822 1849 1916; x_wconf 81' lang='lat' dir='ltr'>sublata,</span> <span class='ocrx_word' id='word_1_80' title='bbox 1883 1844 2033 1921; x_wconf 83' lang='lat' dir='ltr'>aequa·</span> 
     </span>
     <span class='ocr_line' id='line_1_11' title="bbox 430 1949 1733 2054; baseline -0.007 -19"><span class='ocrx_word' id='word_1_81' title='bbox 430 1950 484 2035; x_wconf 80' lang='lat' dir='ltr'>tiu</span> <span class='ocrx_word' id='word_1_82' title='bbox 515 1952 687 2054; x_wconf 89' lang='lat' dir='ltr'>prodibit</span> <span class='ocrx_word' id='word_1_83' title='bbox 718 1966 799 2032; x_wconf 87' lang='lat' dir='ltr'>tres</span> <span class='ocrx_word' id='word_1_84' title='bbox 832 1967 982 2032; x_wconf 89' lang='lat' dir='ltr'>tantum</span> <span class='ocrx_word' id='word_1_85' title='bbox 1014 1955 1219 2033; x_wconf 76' lang='lat' dir='ltr'>variabiles</span> <span class='ocrx_word' id='word_1_86' title='bbox 1254 1979 1301 2052; x_wconf 87' lang='grc' dir='ltr'>ιι,</span> <span class='ocrx_word' id='word_1_87' title='bbox 1332 1977 1358 2028; x_wconf 89' lang='lat' dir='ltr'><strong><em>v</em></strong></span> <span class='ocrx_word' id='word_1_88' title='bbox 1389 1964 1430 2028; x_wconf 92' lang='lat' dir='ltr'>et</span> <span class='ocrx_word' id='word_1_89' title='bbox 1458 1975 1489 2051; x_wconf 85' lang='lat' dir='ltr'>p</span> <span class='ocrx_word' id='word_1_90' title='bbox 1519 1949 1733 2026; x_wconf 84' lang='lat' dir='ltr'>involvens.</span> 
     </span>
    </p>
   </div>
   <div class='ocr_carea' id='block_1_6' title="bbox 967 2210 1496 2290">
    <p class='ocr_par' dir='ltr' id='par_1_6' title="bbox 967 2210 1496 2290">
     <span class='ocr_line' id='line_1_12' title="bbox 967 2210 1496 2290; baseline -0.008 0"><span class='ocrx_word' id='word_1_91' title='bbox 967 2210 1386 2290; x_wconf 87' lang='lat' dir='ltr'>Corollarium</span> <span class='ocrx_word' id='word_1_92' title='bbox 1453 2218 1496 2290; x_wconf 86' lang='lat'>2.</span> 
     </span>
    </p>
   </div>
   <div class='ocr_carea' id='block_1_7' title="bbox 431 2430 2032 2721">
    <p class='ocr_par' dir='ltr' id='par_1_7' title="bbox 431 2430 2032 2721">
     <span class='ocr_line' id='line_1_13' title="bbox 566 2430 2032 2577; baseline 0.003 -33"><span class='ocrx_word' id='word_1_93' title='bbox 566 2474 590 2553; x_wconf 79' lang='grc'><strong>7</strong></span> <span class='ocrx_word' id='word_1_94' title='bbox 599 2478 672 2554; x_wconf 83' lang='lat'>92.</span> <span class='ocrx_word' id='word_1_95' title='bbox 738 2468 949 2547; x_wconf 76' lang='lat' dir='ltr'>&#39;criterium</span> <span class='ocrx_word' id='word_1_96' title='bbox 994 2430 1111 2577; x_wconf 71' lang='lat' dir='ltr'>igitur</span> <span class='ocrx_word' id='word_1_97' title='bbox 1153 2466 1392 2571; x_wconf 86' lang='lat' dir='ltr'>aequationis</span> <span class='ocrx_word' id='word_1_98' title='bbox 1429 2468 1699 2568; x_wconf 83' lang='lat' dir='ltr'>homogeneae</span> <span class='ocrx_word' id='word_1_99' title='bbox 1733 2464 1832 2543; x_wconf 91' lang='lat' dir='ltr'>inter</span> <span class='ocrx_word' id='word_1_100' title='bbox 1863 2482 2032 2568; x_wconf 85' lang='lat' dir='ltr'>quatuor</span> 
     </span>
     <span class='ocr_line' id='line_1_14' title="bbox 431 2594 2031 2721; baseline 0.006 -50"><span class='ocrx_word' id='word_1_101' title='bbox 431 2595 664 2721; x_wconf 83' lang='lat' dir='ltr'>quantitates</span> <span class='ocrx_word' id='word_1_102' title='bbox 697 2627 750 2694; x_wconf 83' lang='lat' dir='ltr'>x,</span> <span class='ocrx_word' id='word_1_103' title='bbox 781 2622 888 2699; x_wconf 74' lang='lat' dir='ltr'>y,p</span> <span class='ocrx_word' id='word_1_104' title='bbox 927 2614 967 2681; x_wconf 89' lang='lat' dir='ltr'>et</span> <span class='ocrx_word' id='word_1_105' title='bbox 1005 2629 1031 2702; x_wconf 83' lang='lat' dir='ltr'>q</span> <span class='ocrx_word' id='word_1_106' title='bbox 1073 2599 1301 2702; x_wconf 81' lang='lat' dir='ltr'>propositae</span> <span class='ocrx_word' id='word_1_107' title='bbox 1351 2596 1390 2672; x_wconf 92' lang='lat' dir='ltr'>in</span> <span class='ocrx_word' id='word_1_108' title='bbox 1437 2601 1513 2673; x_wconf 88' lang='lat' dir='ltr'>hoc</span> <span class='ocrx_word' id='word_1_109' title='bbox 1562 2594 1759 2691; x_wconf 80' lang='lat' dir='ltr'>¹consistit,</span> <span class='ocrx_word' id='word_1_110' title='bbox 1808 2610 1850 2672; x_wconf 91' lang='lat' dir='ltr'>ut</span> <span class='ocrx_word' id='word_1_111' title='bbox 1899 2600 2031 2700; x_wconf 90' lang='lat' dir='ltr'>posito</span> 
     </span>
    </p>
   </div>
   <div class='ocr_carea' id='block_1_8' title="bbox 430 2731 2020 2866">
    <p class='ocr_par' dir='ltr' id='par_1_8' title="bbox 430 2731 2020 2866">
     <span class='ocr_line' id='line_1_15' title="bbox 430 2731 2020 2866; baseline 0.003 -42"><span class='ocrx_word' id='word_1_112' title='bbox 430 2764 632 2843; x_wconf 60' lang='grc' dir='ltr'><strong><em>νῖκαι</em></strong></span> <span class='ocrx_word' id='word_1_113' title='bbox 663 2759 702 2825; x_wconf 88' lang='lat' dir='ltr'>et</span> <span class='ocrx_word' id='word_1_114' title='bbox 736 2731 916 2865; x_wconf 49' lang='lat'>(133,</span> <span class='ocrx_word' id='word_1_115' title='bbox 952 2752 1147 2866; x_wconf 81' lang='lat' dir='ltr'>quantitas</span> <span class='ocrx_word' id='word_1_116' title='bbox 1181 2773 1214 2823; x_wconf 77' lang='lat' dir='ltr'><em>x</em></span> <span class='ocrx_word' id='word_1_117' title='bbox 1246 2769 1410 2849; x_wconf 89' lang='lat' dir='ltr'>prorsus</span> <span class='ocrx_word' id='word_1_118' title='bbox 1440 2769 1492 2824; x_wconf 86' lang='lat' dir='ltr'>ex</span> <span class='ocrx_word' id='word_1_119' title='bbox 1525 2744 1675 2821; x_wconf 91' lang='lat' dir='ltr'>calculo</span> <span class='ocrx_word' id='word_1_120' title='bbox 1706 2739 2020 2829; x_wconf 63' lang='lat' dir='ltr'>exterminetur„</span> 
     </span>
    </p>
   </div>
   <div class='ocr_carea' id='block_1_9' title="bbox 968 3023 1499 3102">
    <p class='ocr_par' dir='ltr' id='par_1_9' title="bbox 968 3023 1499 3102">
     <span class='ocr_line' id='line_1_16' title="bbox 968 3023 1499 3102; baseline -0.004 -2"><span class='ocrx_word' id='word_1_121' title='bbox 968 3023 1388 3102; x_wconf 86' lang='lat' dir='ltr'>Corollarium</span> <span class='ocrx_word' id='word_1_122' title='bbox 1456 3031 1499 3099; x_wconf 84' lang='grc'>3.</span> 
     </span>
    </p>
   </div>
   <div class='ocr_carea' id='block_1_10' title="bbox 335 3232 2057 3611">
    <p class='ocr_par' dir='ltr' id='par_1_10' title="bbox 335 3232 2057 3611">
     <span class='ocr_line' id='line_1_17' title="bbox 567 3232 2029 3338; baseline -0.001 -18"><span class='ocrx_word' id='word_1_123' title='bbox 567 3238 673 3320; x_wconf 82' lang='grc'><strong>793.</strong></span> <span class='ocrx_word' id='word_1_124' title='bbox 738 3240 859 3318; x_wconf 82' lang='lat' dir='ltr'>Facta</span> <span class='ocrx_word' id='word_1_125' title='bbox 890 3232 1021 3338; x_wconf 83' lang='lat' dir='ltr'>itaque</span> <span class='ocrx_word' id='word_1_126' title='bbox 1052 3239 1126 3316; x_wconf 89' lang='lat' dir='ltr'>hac</span> <span class='ocrx_word' id='word_1_127' title='bbox 1166 3236 1455 3334; x_wconf 86' lang='lat' dir='ltr'>substitutione,</span> <span class='ocrx_word' id='word_1_128' title='bbox 1504 3261 1582 3337; x_wconf 91' lang='lat' dir='ltr'>qua</span> <span class='ocrx_word' id='word_1_129' title='bbox 1625 3235 1817 3313; x_wconf 88' lang='lat' dir='ltr'>obtinetur</span> <span class='ocrx_word' id='word_1_130' title='bbox 1850 3239 2029 3337; x_wconf 85' lang='lat' dir='ltr'>aequatio</span> 
     </span>
     <span class='ocr_line' id='line_1_18' title="bbox 430 3358 2057 3471; baseline 0.006 -35"><span class='ocrx_word' id='word_1_131' title='bbox 430 3358 531 3441; x_wconf 89' lang='lat' dir='ltr'>inter</span> <span class='ocrx_word' id='word_1_132' title='bbox 562 3376 695 3444; x_wconf 88' lang='lat' dir='ltr'>ternas</span> <span class='ocrx_word' id='word_1_133' title='bbox 730 3368 968 3469; x_wconf 87' lang='lat' dir='ltr'>quantitates</span> <span class='ocrx_word' id='word_1_134' title='bbox 1003 3392 1051 3465; x_wconf 89' lang='grc' dir='ltr'>ιι,</span> <span class='ocrx_word' id='word_1_135' title='bbox 1084 3393 1109 3446; x_wconf 86' lang='lat' dir='ltr'>u</span> <span class='ocrx_word' id='word_1_136' title='bbox 1142 3383 1182 3446; x_wconf 91' lang='lat' dir='ltr'>et</span> <span class='ocrx_word' id='word_1_137' title='bbox 1209 3394 1259 3471; x_wconf 84' lang='lat' dir='ltr'>p,</span> <span class='ocrx_word' id='word_1_138' title='bbox 1310 3392 1359 3448; x_wconf 82' lang='lat' dir='ltr'>ex</span> <span class='ocrx_word' id='word_1_139' title='bbox 1401 3392 1449 3445; x_wconf 90' lang='lat' dir='ltr'>ea</span> <span class='ocrx_word' id='word_1_140' title='bbox 1481 3391 1555 3470; x_wconf 95' lang='lat' dir='ltr'>pro</span> <span class='ocrx_word' id='word_1_141' title='bbox 1588 3366 1708 3441; x_wconf 92' lang='lat' dir='ltr'>lubitu</span> <span class='ocrx_word' id='word_1_142' title='bbox 1741 3365 1803 3440; x_wconf 80' lang='lat' dir='ltr'>rel</span> <span class='ocrx_word' id='word_1_143' title='bbox 1833 3389 1861 3465; x_wconf 88' lang='lat' dir='ltr'>p</span> <span class='ocrx_word' id='word_1_144' title='bbox 1896 3390 1967 3468; x_wconf 87' lang='lat' dir='ltr'>per</span> <span class='ocrx_word' id='word_1_145' title='bbox 2003 3392 2057 3460; x_wconf 74' lang='grc' dir='ltr'>ιι,</span> 
     </span>
     <span class='ocr_line' id='line_1_19' title="bbox 335 3494 1837 3611; baseline 0.002 -44"><span class='ocrx_word' id='word_1_146' title='bbox 335 3604 339 3611; x_wconf 25' lang='grc' dir='ltr'>Ι</span> <span class='ocrx_word' id='word_1_147' title='bbox 432 3503 472 3568; x_wconf 88' lang='lat' dir='ltr'>et</span> <span class='ocrx_word' id='word_1_148' title='bbox 504 3517 550 3590; x_wconf 89' lang='lat' dir='ltr'>v,</span> <span class='ocrx_word' id='word_1_149' title='bbox 583 3496 645 3574; x_wconf 76' lang='lat' dir='ltr'>vel</span> <span class='ocrx_word' id='word_1_150' title='bbox 678 3523 703 3574; x_wconf 91' lang='lat' dir='ltr'><em>v</em></span> <span class='ocrx_word' id='word_1_151' title='bbox 738 3519 809 3596; x_wconf 90' lang='lat' dir='ltr'>per</span> <span class='ocrx_word' id='word_1_152' title='bbox 842 3523 869 3575; x_wconf 88' lang='grc' dir='ltr'>ιι</span> <span class='ocrx_word' id='word_1_153' title='bbox 902 3511 1016 3596; x_wconf 84' lang='lat' dir='ltr'>etp,</span> <span class='ocrx_word' id='word_1_154' title='bbox 1048 3497 1110 3574; x_wconf 81' lang='lat' dir='ltr'>rel</span> <span class='ocrx_word' id='word_1_155' title='bbox 1145 3523 1172 3575; x_wconf 88' lang='grc' dir='ltr'>ιι</span> <span class='ocrx_word' id='word_1_156' title='bbox 1203 3524 1276 3602; x_wconf 91' lang='lat' dir='ltr'>per</span> <span class='ocrx_word' id='word_1_157' title='bbox 1309 3525 1333 3578; x_wconf 89' lang='lat' dir='ltr'><em>v</em></span> <span class='ocrx_word' id='word_1_158' title='bbox 1367 3508 1463 3597; x_wconf 83' lang='lat' dir='ltr'>etp</span> <span class='ocrx_word' id='word_1_159' title='bbox 1497 3495 1646 3583; x_wconf 83' lang='lat' dir='ltr'>definiri</span> <span class='ocrx_word' id='word_1_160' title='bbox 1679 3494 1837 3597; x_wconf 89' lang='lat' dir='ltr'>poterit.</span> 
     </span>
    </p>
   </div>
   <div class='ocr_carea' id='block_1_11' title="bbox 1034 3734 1372 3861">
    <p class='ocr_par' dir='ltr' id='par_1_11' title="bbox 1034 3734 1372 3861">
     <span class='ocr_line' id='line_1_20' title="bbox 1034 3734 1372 3861; baseline 0 -51"><span class='ocrx_word' id='word_1_161' title='bbox 1034 3734 1372 3861; x_wconf 18' lang='lat' dir='ltr'>‘Scholion</span> 
     </span>
    </p>
   </div>
   <div class='ocr_carea' id='block_1_12' title="bbox 373 3970 2032 4849">
    <p class='ocr_par' dir='ltr' id='par_1_12' title="bbox 373 3970 2032 4849">
     <span class='ocr_line' id='line_1_21' title="bbox 571 3970 2028 4075; baseline -0.004 -21"><span class='ocrx_word' id='word_1_162' title='bbox 571 3970 675 4055; x_wconf 77' lang='lat' dir='ltr'>tol.</span> <span class='ocrx_word' id='word_1_163' title='bbox 743 3970 858 4060; x_wconf 80' lang='lat' dir='ltr'>Simili</span> <span class='ocrx_word' id='word_1_164' title='bbox 890 3973 1008 4053; x_wconf 88' lang='lat' dir='ltr'>modo</span> <span class='ocrx_word' id='word_1_165' title='bbox 1040 3973 1169 4052; x_wconf 87' lang='lat' dir='ltr'>ideam</span> <span class='ocrx_word' id='word_1_166' title='bbox 1202 3972 1525 4075; x_wconf 84' lang='lat' dir='ltr'>homogeneitatis</span> <span class='ocrx_word' id='word_1_167' title='bbox 1557 3971 1596 4049; x_wconf 93' lang='lat' dir='ltr'>in</span> <span class='ocrx_word' id='word_1_168' title='bbox 1632 3970 1922 4072; x_wconf 71' lang='lat' dir='ltr'>aequatIonssnus</span> <span class='ocrx_word' id='word_1_169' title='bbox 1955 3971 2028 4049; x_wconf 82' lang='lat' dir='ltr'>dir-</span> 
     </span>
     <span class='ocr_line' id='line_1_22' title="bbox 412 4098 2031 4204; baseline 0.007 -37"><span class='ocrx_word' id='word_1_170' title='bbox 412 4098 932 4180; x_wconf 85' lang='lat' dir='ltr'>.ferentio·differentialibus</span> <span class='ocrx_word' id='word_1_171' title='bbox 967 4102 1254 4196; x_wconf 86' lang='lat' dir='ltr'>constituimus,</span> <span class='ocrx_word' id='word_1_172' title='bbox 1288 4127 1364 4204; x_wconf 89' lang='lat' dir='ltr'>quo</span> <span class='ocrx_word' id='word_1_173' title='bbox 1399 4103 1437 4179; x_wconf 93' lang='lat' dir='ltr'>in</span> <span class='ocrx_word' id='word_1_174' title='bbox 1471 4101 1763 4202; x_wconf 89' lang='lat' dir='ltr'>aequationibus</span> <span class='ocrx_word' id='word_1_175' title='bbox 1790 4100 2031 4178; x_wconf 84' lang='lat' dir='ltr'>differentia·</span> 
     </span>
     <span class='ocr_line' id='line_1_23' title="bbox 435 4227 2030 4331; baseline 0.003 -31"><span class='ocrx_word' id='word_1_176' title='bbox 435 4227 531 4304; x_wconf 91' lang='lat' dir='ltr'>libus</span> <span class='ocrx_word' id='word_1_177' title='bbox 571 4228 684 4329; x_wconf 90' lang='lat' dir='ltr'>primi</span> <span class='ocrx_word' id='word_1_178' title='bbox 717 4229 861 4331; x_wconf 87' lang='lat' dir='ltr'>gradus</span> <span class='ocrx_word' id='word_1_179' title='bbox 895 4256 1024 4311; x_wconf 90' lang='lat' dir='ltr'>sumus</span> <span class='ocrx_word' id='word_1_180' title='bbox 1064 4234 1135 4310; x_wconf 90' lang='lat' dir='ltr'>usi.</span> <span class='ocrx_word' id='word_1_181' title='bbox 1220 4232 1266 4308; x_wconf 91' lang='lat' dir='ltr'>In</span> <span class='ocrx_word' id='word_1_182' title='bbox 1307 4231 1365 4307; x_wconf 90' lang='lat' dir='ltr'>his</span> <span class='ocrx_word' id='word_1_183' title='bbox 1408 4232 1581 4330; x_wconf 89' lang='lat' dir='ltr'>quidem,</span> <span class='ocrx_word' id='word_1_184' title='bbox 1630 4255 1718 4309; x_wconf 90' lang='lat' dir='ltr'>cum</span> <span class='ocrx_word' id='word_1_185' title='bbox 1759 4229 2030 4306; x_wconf 88' lang='lat' dir='ltr'>differentialia</span> 
     </span>
     <span class='ocr_line' id='line_1_24' title="bbox 435 4337 2029 4462; baseline 0.003 -29"><span class='ocrx_word' id='word_1_186' title='bbox 435 4378 577 4456; x_wconf 89' lang='lat' dir='ltr'>sponte</span> <span class='ocrx_word' id='word_1_187' title='bbox 611 4359 774 4434; x_wconf 85' lang='lat' dir='ltr'>eundem</span> <span class='ocrx_word' id='word_1_188' title='bbox 808 4360 1087 4438; x_wconf 90' lang='lat' dir='ltr'>dimensionum</span> <span class='ocrx_word' id='word_1_189' title='bbox 1120 4384 1322 4449; x_wconf 87' lang='lat' dir='ltr'>numerum</span> <span class='ocrx_word' id='word_1_190' title='bbox 1356 4337 1591 4439; x_wconf 76' lang='lat' dir='ltr'>constituere</span> <span class='ocrx_word' id='word_1_191' title='bbox 1623 4360 1810 4452; x_wconf 87' lang='lat' dir='ltr'>debeant,</span> <span class='ocrx_word' id='word_1_192' title='bbox 1843 4359 2029 4462; x_wconf 81' lang='lat' dir='ltr'>homoge-</span> 
     </span>
     <span class='ocr_line' id='line_1_25' title="bbox 435 4486 2029 4599; baseline 0.003 -41"><span class='ocrx_word' id='word_1_193' title='bbox 435 4486 561 4562; x_wconf 89' lang='lat' dir='ltr'>neitas</span> <span class='ocrx_word' id='word_1_194' title='bbox 594 4510 640 4560; x_wconf 81' lang='lat' dir='ltr'>ex</span> <span class='ocrx_word' id='word_1_195' title='bbox 674 4486 766 4564; x_wconf 88' lang='lat' dir='ltr'>solis</span> <span class='ocrx_word' id='word_1_196' title='bbox 801 4488 893 4589; x_wconf 89' lang='lat' dir='ltr'>ipsis</span> <span class='ocrx_word' id='word_1_197' title='bbox 926 4490 1178 4567; x_wconf 84' lang='lat' dir='ltr'>variabilibus</span> <span class='ocrx_word' id='word_1_198' title='bbox 1208 4515 1241 4565; x_wconf 72' lang='grc' dir='ltr'><em>ω</em></span> <span class='ocrx_word' id='word_1_199' title='bbox 1275 4502 1316 4566; x_wconf 88' lang='lat' dir='ltr'>et</span> <span class='ocrx_word' id='word_1_200' title='bbox 1345 4513 1373 4589; x_wconf 81' lang='lat' dir='ltr'><em>y</em></span> <span class='ocrx_word' id='word_1_201' title='bbox 1407 4488 1653 4599; x_wconf 80' lang='lat' dir='ltr'>dijudicatur.</span> <span class='ocrx_word' id='word_1_202' title='bbox 1729 4491 1778 4563; x_wconf 86' lang='lat' dir='ltr'>At</span> <span class='ocrx_word' id='word_1_203' title='bbox 1810 4487 1848 4561; x_wconf 94' lang='lat' dir='ltr'>in</span> <span class='ocrx_word' id='word_1_204' title='bbox 1882 4511 2029 4587; x_wconf 88' lang='lat' dir='ltr'>aequa·</span> 
     </span>
     <span class='ocr_line' id='line_1_26' title="bbox 373 4613 2031 4725; baseline -0.002 -30"><span class='ocrx_word' id='word_1_205' title='bbox 373 4680 378 4695; x_wconf 70' lang='grc'>,</span> <span class='ocrx_word' id='word_1_206' title='bbox 435 4613 601 4693; x_wconf 86' lang='lat' dir='ltr'>tionibus</span> <span class='ocrx_word' id='word_1_207' title='bbox 651 4615 868 4695; x_wconf 88' lang='lat' dir='ltr'>differentio</span> <span class='ocrx_word' id='word_1_208' title='bbox 888 4661 904 4675; x_wconf 94' lang='lat'>-</span> <span class='ocrx_word' id='word_1_209' title='bbox 923 4617 1240 4725; x_wconf 84' lang='lat' dir='ltr'>differentialibus</span> <span class='ocrx_word' id='word_1_210' title='bbox 1289 4635 1446 4718; x_wconf 84' lang='lat' dir='ltr'>praeter</span> <span class='ocrx_word' id='word_1_211' title='bbox 1487 4618 1593 4716; x_wconf 88' lang='lat' dir='ltr'>ipsas</span> <span class='ocrx_word' id='word_1_212' title='bbox 1628 4616 1831 4693; x_wconf 85' lang='lat' dir='ltr'>variabiles</span> <span class='ocrx_word' id='word_1_213' title='bbox 1864 4640 1897 4691; x_wconf 72' lang='lat' dir='ltr'>a</span> <span class='ocrx_word' id='word_1_214' title='bbox 1928 4631 2031 4714; x_wconf 83' lang='lat' dir='ltr'>ety</span> 
     </span>
     <span class='ocr_line' id='line_1_27' title="bbox 435 4742 2032 4849; baseline 0.003 -34"><span class='ocrx_word' id='word_1_215' title='bbox 435 4743 550 4818; x_wconf 87' lang='lat' dir='ltr'>etiam</span> <span class='ocrx_word' id='word_1_216' title='bbox 586 4746 734 4823; x_wconf 88' lang='lat' dir='ltr'>litterae</span> <span class='ocrx_word' id='word_1_217' title='bbox 776 4771 801 4846; x_wconf 85' lang='lat' dir='ltr'>q</span> <span class='ocrx_word' id='word_1_218' title='bbox 835 4747 932 4826; x_wconf 89' lang='lat' dir='ltr'>ratio</span> <span class='ocrx_word' id='word_1_219' title='bbox 968 4748 1006 4837; x_wconf 91' lang='lat' dir='ltr'>in</span> <span class='ocrx_word' id='word_1_220' title='bbox 1041 4759 1221 4849; x_wconf 88' lang='lat' dir='ltr'>computo</span> <span class='ocrx_word' id='word_1_221' title='bbox 1255 4745 1535 4827; x_wconf 87' lang='lat' dir='ltr'>dimensionum</span> <span class='ocrx_word' id='word_1_222' title='bbox 1569 4745 1700 4821; x_wconf 88' lang='lat' dir='ltr'>haberi</span> <span class='ocrx_word' id='word_1_223' title='bbox 1729 4747 1864 4837; x_wconf 87' lang='lat' dir='ltr'>debet,</span> <span class='ocrx_word' id='word_1_224' title='bbox 1900 4742 2032 4820; x_wconf 90' lang='lat' dir='ltr'>itata·</span> 
     </span>
    </p>
   </div>
   <div class='ocr_carea' id='block_1_13' title="bbox 0 0 2149 5722">
    <p class='ocr_par' dir='ltr' id='par_1_13' title="bbox 0 0 2149 5722">
     <span class='ocr_line' id='line_1_28' title="bbox 0 0 2149 5722; baseline 0 0"><span class='ocrx_word' id='word_1_225' title='bbox 0 0 2149 5722; x_wconf 95' lang='lat' dir='ltr'> </span> 
     </span>
    </p>
   </div>
  </div>
 </body>
</html>
