4304 5714
535 470 538 476 ,
775 394 1001 477 CAPUT
1066 396 1118 475 11.
1405 518 1409 525 ι
1574 410 1659 478 331
1744 442 1748 447 -

136 585 333 705 principiis
368 612 496 677 tamen
531 596 796 702 integrationis
830 601 984 680 omnino
1019 604 1216 679 abhorret.
1285 601 1381 678 Cutn
1416 599 1517 677 enim
1550 603 1728 700 aequatio

138 728 404 806 differentialis
453 743 512 805 est
559 730 704 807 altioris
747 733 910 829 gradus,
967 730 1071 831 leges
1116 729 1382 834 integrationis
1421 732 1636 829 postulant,
1688 742 1730 804 ut

136 858 251 934 toties
283 853 444 933 seorsim
466 855 698 957 integretur,
741 869 945 955 antequam
972 859 1020 932 ad
1054 835 1279 934 relationem
1312 856 1455 932 finitam
1488 857 1587 933 inter
1619 855 1728 933 binas

105 983 345 1083 'variabiles
397 985 662 1080 perveniatur,
715 997 754 1061 et
803 985 892 1058 dum
942 983 1113 1084 singulae
1162 984 1438 1086 integrationes
1488 996 1727 1060 constantem

137 1110 382 1189 arbitrariam
416 1111 625 1211 recipiunt,
675 1114 936 1188 hoc-demum
970 1112 1089 1187 modo
1123 1113 1311 1213 integrale
1352 1111 1586 1209 completum
1627 1108 1727 1186 obti-

133 1253 256 1316 netur.
324 1239 523 1316 Hactenus
566 1252 691 1314 autern
732 1265 809 1315 una
850 1237 959 1337 quasi
1001 1241 1227 1339 operatione
1268 1239 1457 1340 integrale
1489 1260 1729 1340 postremum
1859 1247 1863 1255 '

136 1366 326 1462 eruimus,
360 1391 445 1440 cum
482 1366 656 1444 omnibus
691 1366 974 1459 constantibus,
1024 1367 1162 1464 quibus
1195 1368 1232 1445 id
1266 1368 1500 1468 completum
1533 1365 1727 1452 redditur,-

136 1515 277 1569 rerera
319 1493 464 1571 scilicet
503 1495 603 1571 sola·
628 1495 852 1596 conjectura
890 1507 1044 1572 utentes
1084 1497 1196 1594 plura
1237 1496 1439 1595 integralis
1478 1491 1726 1594 particularia

135 1643 268 1698 sumus
303 1619 452 1718 adepti,
503 1637 616 1719 atque
657 1606 794 1696 natura
837 1621 1076 1721 aequationia
1119 1627 1322 1699 commode
1363 1619 1558 1722 permisit,
1605 1631 1647 1695 ut
1678 1643 1728 1695 ex

134 1748 180 1824 iis
214 1748 400 1848 integrale
436 1749 672 1848 completum
709 1749 878 1825 formare
912 1747 1058 1825 liceret.
1133 1751 1275 1826 Verum
1307 1751 1337 1825 si
1372 1750 1478 1852 leges
1511 1745 1727 1848 integrandi

138 1873 270 1950 stricte
313 1878 521 1951 observare
562 1877 740 1971 velimus,
791 1876 992 1977 proposita
1029 1878 1133 1953 verbi
1174 1878 1299 1978 gratia
1327 1877 1573 1977 aequatione
1616 1874 1727 1949 diffe-

133 2003 283 2076 rentiali
326 2003 449 2099 quarti
492 2003 655 2105 gradus,
706 2004 944 2103 quadruplici
980 1981 1235 2104 integratione
1278 2029 1378 2103 opus
1420 2005 1511 2097 erit,
1561 2025 1726 2100 quarum

131 2129 259 2228 prima
307 2155 354 2204 ea
406 2131 612 2206 reducatur
661 2133 709 2206 ad
765 2131 1031 2228 aequationem
1082 2132 1373 2208 differentialem
1421 2131 1521 2206 tertii
1570 2128 1727 2229 gradus,

130 2271 214 2331 tum
247 2281 341 2330 vero
377 2256 448 2333 ista
483 2284 552 2357 per
588 2282 727 2335 novam
766 2259 1060 2358 integrationem
1102 2263 1150 2334 ad
1171 2262 1452 2356 aequationem
1492 2254 1727 2332 differentia·

133 2385 207 2458 lem
242 2385 400 2460 secundi
434 2388 597 2486 gradus,
633 2412 732 2483 quae
768 2386 893 2463 denuo
928 2385 1119 2485 integrata
1155 2387 1203 2461 ad
1238 2388 1399 2487 gradum
1437 2386 1600 2481 primum
1634 2405 1724 2482 per-

130 2510 314 2602 ducatur,
348 2514 518 2610 haecque
544 2514 699 2587 tandem
725 2514 861 2591 iterum
897 2490 1087 2615 integrata
1121 2514 1346 2588 relationem
1383 2512 1595 2613 quaesitam
1626 2509 1725 2584 inter

130 2637 243 2713 binas
277 2639 479 2716 variabiles
513 2639 734 2738 patefaciat.
800 2641 923 2738 Atque
953 2644 1025 2718 hoe
1059 2642 1175 2717 modo
1210 2640 1326 2719 etiam
1360 2639 1629 2742 aequationum
1663 2634 1725 2715 hic

132 2779 383 2841 tractatarum
425 2767 588 2844 formam
629 2768 824 2845 resolvere
859 2769 969 2863 licet,
1018 2780 1059 2843 ut
1092 2794 1168 2868 per
1206 2767 1406 2846 continuas
1447 2762 1723 2869 integrationes

133 2893 184 2967 ad
225 2894 367 2994 gradus
410 2894 663 2993 simpliciores
694 2897 912 2998 redigatur,
962 2896 1096 2993 quibus
1136 2896 1291 2973 tandem
1331 2896 1468 2974 eadem
1509 2892 1723 2992 integralis,

129 3043 229 3117 quae
261 3020 323 3096 bic
357 3020 572 3116 elicuimus,
621 3023 875 3101 inveniantur.
943 3027 1040 3115 Cum
1078 3036 1202 3099 autem
1238 3025 1333 3098 baec
1367 3028 1569 3102 methodus
1610 3018 1724 3094 latius

129 3159 284 3246 pateat,
319 3173 435 3244 quam
468 3151 516 3225 ad
552 3153 697 3229 formas
730 3155 791 3230 hic
824 3152 1111 3249 consideratas,
1145 3155 1303 3257 ejusque
1337 3177 1412 3253 ope
1447 3156 1544 3239 baec
1578 3169 1730 3253 aequa·.

128 3273 183 3350 tio
218 3274 434 3375 generalior
468 3274 652 3378 integrari
686 3293 802 3377 queat

322 3430 1323 3589 xzayasPgZ-r-ssssss-r-ngl--r-ae

105 3653 337 3730 ¹denotante
362 3654 400 3728 X
435 3653 669 3730 sanctionem
704 3681 968 3756 quamcunque
999 3657 1118 3758 ipsius
1142 3684 1194 3751 x,
1229 3619 1288 3735 cui
1322 3661 1573 3737 resolvendae
1607 3681 1722 3759 prae·

128 3780 269 3857 cedens
303 3784 502 3859 methodus
536 3783 688 3858 minime
723 3785 879 3877 suffieit,
926 3810 1069 3864 noram
1102 3788 1323 3866 methodum
1361 3790 1491 3869 statim
1530 3788 1580 3867 ad
1619 3789 1719 3865 hauc

129 3906 294 3985 sormam
329 3902 607 4012 generaliorem
642 3913 959 3992 accommodabo.
