4304 5714
358 423 455 504 Νΰ
899 424 1132 505 CAPUT
1194 426 1288 506 xn.

287 616 417 715 {ipsius
450 643 479 718 p
519 599 600 696 non
640 620 828 699 delinitur.
908 625 1060 702 Deinde
1102 626 1215 704 etiam
1254 647 1367 705 casus
1403 624 1537 728 quibus
1583 610 1710 706 vele
1749 627 1814 706 vei
1850 630 1884 707 P

287 746 511 836 evanescit,
548 748 710 825 seorsim
742 750 901 826 tractari
935 752 1142 831 convenit:
1175 753 1246 830 etsi
1280 754 1379 829 enim
1409 767 1489 830 tum
1522 751 1676 834 valores
1709 753 1885 856 ipsarum

296 892 327 969 y
359 888 398 946 et
418 895 453 968 p
495 873 589 950 satis
617 892 806 952 accurate
838 880 1110 975 ostenduntur,
1157 894 1286 956 tamen
1318 880 1405 979 quia
1445 879 1587 955 nullam
1627 880 1888 959 mutationem

291 996 517 1096 ,patiunturo
541 1000 641 1076 dum
673 1001 831 1079 mutatio
865 1004 1002 1080 altiore
1034 1005 1151 1106 ipsius
1186 1032 1216 1088 ω
1248 1017 1439 1104 potestate
1472 1006 1714 1106 exprimitur,
1754 1005 1887 1108 ipsam

297 1123 546 1201 mutationem
578 1126 800 1230 investigari
830 1130 921 1205 utile
953 1145 1030 1225 est,
1080 1156 1157 1230 quo
1189 1131 1227 1207 in
1261 1156 1470 1233 progressu
1501 1131 1626 1209 minus
1658 1156 1683 1208 a
1718 1132 1889 1211 veritate

298 1250 513 1327 aberretur.
573 1255 646 1330 ‘Sin
678 1268 805 1332 autem
837 1258 1029 1355 quantitas
1063 1256 1086 1331 b
1118 1259 1258 1334 evadat
1290 1257 1453 1351 infinita,
1491 1259 1574 1360 jam
1609 1256 1889 1335 animadverti·

298 1398 402 1470 mus,
452 1379 539 1456 loco
564 1380 689 1480 ¹ipsius
720 1406 750 1480 y
791 1385 873 1486 ejus
913 1384 1153 1485 reciprocum
1185 1382 1210 1509 ᾗ
1249 1384 1440 1485 explorari
1472 1382 1617 1459 deberi.
1685 1382 1891 1480 Quemad-

298 1517 454 1591 modum
488 1543 584 1621 ergo
619 1522 901 1602 difficultatibus
935 1538 1022 1602 aute
1054 1524 1277 1602 memoratis
1307 1523 1356 1601 sit
1387 1523 1688 1620 occurrendum,
1720 1523 1890 1628 diligen·

297 1641 371 1719 tius
403 1650 700 1745 perpendamus.

843 1970 1162 2060 P‘roblema
1231 1966 1379 2061 138.ι
1456 1982 1465 2000 ‘

434 2221 569 2293 1088.
642 2213 680 2291 Si
712 2211 1003 2317 integrationem
1036 2240 1108 2318 per
1139 2212 1339 2290 intervalia
1371 2211 1622 2306 instituendo,
1669 2234 1746 2316 pro
1764 2212 1893 2297 ,initio

299 2340 514 2446 cujuspiam
545 2341 758 2439 intervalli,
805 2343 932 2442 posito
964 2366 1137 2438 crza,
1185 2339 1332 2439 9:1³
1372 2349 1411 2417 et
1444 2361 1589 2436 p:o
1619 2339 1795 2436 eveniat,
1847 2359 1895 2422 ut

298 2469 490 2570 quantitas
523 2490 560 2559 c·
584 2467 634 2544 sit
672 2467 734 2542 vel
766 2493 1009 2548 evanescens
1048 2471 1112 2544 ..rel
1145 2465 1317 2557 infinita,
1361 2462 1658 2567 integrationem
1686 2487 1771 2566 ¹per
1812 2466 1895 2541 hoe

303 2596 545 2676 interranum
577 2594 794 2673 absolvere.

968 2917 1231 3043 ,Sol-utini

426 3175 670 3259 Praecedens
712 3177 992 3279 approximatio
1031 3177 1194 3255 dederat
1233 3171 1378 3275 yzb
1398 3184 1498 3263 ÷e
1521 3176 1645 3263 (e-
1665 3181 1735 3270 a),
1788 3177 1897 3257 unde

299 3306 331 3389 ti
364 3328 463 3389 e:
484 3316 506 3382 ο
519 3360 535 3403 ,
585 3303 862 3383 incrementum
909 3305 1028 3407 ipsius
1068 3328 1098 3403 y
1145 3302 1279 3380 altiore
1328 3311 1521 3402 potestate
1567 3298 1687 3398 ipsius
1731 3327 1768 3378 x
1792 3344 1845 3360 -
1865 3329 1897 3379 a

298 3433 555 3537 exprimetur,
586 3430 734 3511 scilieet
765 3433 905 3532 yzb
922 3457 968 3509 -a-
982 3433 1016 3508 A
1032 3437 1085 3520 (το
1104 3413 1264 3523 -αἱλ,
1297 3426 1483 3505 existente
1515 3431 1545 3507 λ
1564 3420 1610 3523 >
1633 3436 1681 3523 1,
1712 3428 1896 3530 rejectis·

297 3583 372 3661 quo
414 3557 611 3636 altioribus
648 3559 927 3658 potestatibus,
973 3582 1072 3657 quae
1101 3581 1201 3659 prae
1235 3558 1332 3649 hac,
1363 3556 1414 3633 ob
1455 3548 1696 3630 intervallum
1727 3577 1765 3628 x
1788 3597 1842 3612 -
1866 3581 1898 3633 a

296 3681 516 3778 minimum,
547 3692 654 3760 recte
688 3695 994 3763 contemnuntur.
1056 3683 1127 3761 Sin
1155 3694 1288 3759 autem
1321 3679 1370 3758 sit
1403 3701 1506 3758 e:
1522 3703 1594 3775 00,
1625 3678 1739 3757 valor-
1770 3678 1897 3782 ipsius

295 3828 326 3911 p
356 3806 468 3889 simili
499 3807 617 3886 modo
639 3807 937 3908 'repraesentari
970 3822 1114 3909 potest,
1144 3806 1288 3908 yzb
1307 3807 1550 3895 ÷A(x-
1570 3787 1656 3903 (nl,
1697 3803 1898 3887 existente

296 3934 390 4043 λ<
415 3944 464 4033 l,
511 3932 566 4013 ita
596 3954 726 4012 tamen
758 3949 803 4014 ut
843 3938 960 4016 nihilo
1000 3938 1050 4016 sit
1080 3937 1232 4041 major;
1282 3953 1448 4032 utroque
1481 3956 1576 4035 ergo
1611 3940 1710 4009 'casu
1751 3934 1897 4040 eadem

295 4059 542 4167 investigatio
576 4071 655 4158 eat,
695 4074 739 4140 ut
770 4087 816 4140 ex
851 4066 1080 4164 aequatione
1114 4059 1317 4164 proposita
1350 4050 1633 4160 dpzl'doe
1665 4070 1747 4134 tam
1781 4062 1899 4139 eodf-

294 4186 428 4268 dolens
468 4189 502 4267 Α
546 4210 662 4289 quam
697 4194 962 4292 exponenslr
1001 4190 1220 4268 definiatur.
1315 4188 1403 4265 iam
1452 4211 1499 4271 ex
1536 4184 1604 4263 illa
1658 4186 1898 4287 aequatione

298 4308 524 4395 deducimus

518 4460 937 4620 }{=p:aa<ae
958 4546 1009 4567 -
1029 4491 1170 4599 ‹nl-¹
1205 4524 1244 4591 er

647 4681 985 4791 epzan-
1016 4672 1513 4793 amm-aneae,
