4304 5714
1037 328 1263 445 ‚CAPUT
1326 340 1393 422 IV.

1068 493 1363 631 Scholion.

552 750 658 833 864.
725 751 937 831 Methodus
978 778 1054 852 qua
1094 751 1156 829 hie
1196 717 1253 829 usi
1301 775 1459 848 sumus,
1508 753 1719 858 hujusmodi
1762 755 2009 854 aequationes

420 880 695 961 differentiaies
729 881 977 982 integrandi,
1027 883 1129 958 haud
1170 881 1263 959 satis
1297 881 1483 958 naturalis
1516 883 1685 977 videtur,
1736 909 1822 959 eum
1857 885 1905 959 ad
1940 887 2009 959 has

420 1011 529 1112 quasi
563 1010 667 1087 solas
700 1011 847 1088 formas
879 1011 928 1089 sit
963 1011 1159 1089 adstricta.
1227 1009 1422 1103 Quoniam
1470 1009 1584 1113 igitur
1632 1012 1671 1087 in
1720 1012 2009 1111 aequationibus

301 1186 305 1195 ·
415 1138 732 1247 differentialibus
781 1138 895 1239 primi
937 1142 1081 1242 gradus
1115 1138 1284 1214 inventio
1320 1139 1531 1234 factorum,
1580 1141 1717 1239 quibus
1758 1165 1828 1217 eae
1854 1165 1933 1241 'per
1951 1162 2009 1216 se

413 1254 662 1370 integrabiles
695 1266 923 1362 reddantur,
957 1268 1146 1371 insignem
1183 1267 1541 1366 fructumpolliceri
1559 1268 1779 1365 uidebatur,
1803 1251 1895 1371 'ejus
1914 1292 2009 1367 quo·

415 1421 490 1498 que
522 1420 632 1474 usum
665 1395 705 1473 in
739 1395 1031 1494 aequationibus
1075 1393 1390 1471 differentialibus
1431 1397 1588 1473 secundi
1624 1381 1767 1500 §radus
1805 1399 2012 1474 ostendere

402 1549 615 1603 eonemur.
682 1523 758 1602 Hie
791 1523 944 1622 quidem
978 1524 1069 1600 nihil
1104 1534 1183 1598 tarn
1215 1525 1430 1600 absolutum
1464 1539 1670 1626 expectare
1694 1525 1803 1621 iicet,
1839 1526 1940 1627 quod
1963 1524 2013 1598 ad

418 1677 556 1733 omnes
589 1653 745 1732 omnino
781 1653 1050 1752 aequationum
1086 1653 1232 1728 formas
1250 1665 1402 1752 pateat,
1436 1656 1506 1730 sed
1522 1653 1742 1753 quantillum
1762 1656 1877 1731 etiam
1896 1679 2012 1754 prae·

418 1794 524 1862 sture
572 1781 830 1881 potuerimus,
884 1781 924 1857 id
969 1784 1072 1858 haud
1114 1781 1435 1856 contemnendum
1482 1785 1698 1882 Analyseos
1732 1784 2012 1860 incrementum

419 1912 590 2010 spectari
624 1910 792 1990 debebit.
874 1910 963 1990 Hae
997 1924 1125 1988 autem
1160 1908 1341 1983 methodo
1385 1930 1453 1986 eas
1485 1911 1728 2011 potissimum
1763 1913 2013 2011 aequationes

423 2040 718 2135 differentiales,
766 2038 806 2114 in
840 2038 978 2138 quibus
1013 2040 1134 2115 altera
1175 2036 1369 2112 variabiIIs
1401 2060 1431 2136 y
1463 2065 1551 2115 eum
1585 2038 1661 2116 suis
1695 2040 2012 2116 differentialibus

418 2194 535 2249 unam
568 2168 845 2248 dimensionem
877 2192 1067 2268 nusquam
1100 2165 1402 2268 transgreditur,
1452 2167 1545 2245 satis
1593 2170 1794 2246 conimode
1844 2183 2016 2243 tractare
2118 2210 2125 2219 ,

422 2288 533 2395 licet,
568 2299 732 2398 hincque
765 2295 1137 2399 via-perspicietur,
1174 2295 1367 2394 quomodo
1402 2320 1489 2373 eam
1522 2298 1645 2400 magis
1669 2298 1791 2374 excoli
1816 2311 2013 2397 oporteat.

921 2643 1513 2695 -—-·.---.-
