4304 5714
737 407 963 485 cneus
1027 405 1119 482 xu
1576 421 1662 491 aas
1711 390 1713 394 ‘

80 672 82 676 .
151 605 446 707 integrationem
488 604 538 680 ita
572 603 767 683 instituere
801 607 911 699 licet,
956 617 998 680 ut
1027 605 1157 704 posito
1191 621 1302 683 a:
1321 629 1371 699 a,
1417 608 1483 682 fiat
1515 610 1668 704 yzb
1696 622 1735 684 ct
1824 697 1828 705 ,

143 755 251 853 p:
268 756 307 825 c,
342 729 615 830 quantitatibus
639 756 686 847 o,
720 733 763 825 b,
795 756 817 807 c
839 734 888 809 nb
910 729 1070 808 arbitrio
1092 743 1228 806 nostro
1244 731 1509 831 pendentibus
1578 734 1733 810 Interim

150 873 277 975 tamen
329 856 556 955 quandoque
603 879 674 933 usu
718 859 850 936 venire
892 869 1042 956 potest,
1093 870 1136 932 ut
1181 857 1308 955 posito
1348 879 1459 934 x:
1477 884 1526 952 a,
1583 862 1737 936 ratores

149 966 319 1085 ipsarum
342 1007 380 1082 y
413 1003 506 1079 etp
548 1007 625 1057 non
658 984 809 1085 penitus
852 986 901 1061 ab
944 981 1100 1058 arbitrio
1139 992 1274 1066 nostro
1313 986 1528 1078 pendeant,
1576 986 1669 1060 sed
1689 1010 1737 1061 cx
1850 1024 1852 1028 >

152 1124 289 1188 natura
339 1107 575 1205 aequationis
616 1109 701 1209 jam
750 1111 860 1189 datos
907 1109 1061 1185 valorcs
1110 1107 1346 1200 sortiantur,
1403 1110 1537 1208 quibus
1585 1113 1736 1188 rensibus

151 1238 330 1336 defectus¹
364 1232 689 1331 determinationis
736 1234 817 1312 aliis
863 1232 1143 1314 conditionibus
1192 1246 1477 1333 compensatur.
1544 1237 1665 1313 Veluti
1706 1237 1738 1314 si

151 1374 389 1460 proponatur
422 1363 518 1435 haec
552 1362 725 1458 aequatio

279 1609 282 1615 -
343 1546 1160 1658 aara÷sx>oiy-2arna-
1186 1550 1451 1654 ὑωόιιδι

502 1714 1390 1830 ÷2J<aamoaemdx²zoaaba2

151 1922 495 2018 quomodocunque
539 1942 583 1990 ea
623 1942 695 2052 per
735 1918 1030 2020 integrationem
1073 1917 1368 2011 determinetur,
1417 1916 1545 2017 posito
1582 1937 1692 1995 x:
1713 1927 1735 1990 ο

766 2028 897 2104 du„

149 2089 370 2142 ⁰⁸⁰⁰⁵⁸³¹¹⁰
420 2065 461 2141 fit
500 2086 605 2161 il·-
620 2088 648 2137 ‘⁸
688 2057 787 2182 ei,
837 2084 1022 2163 ...ΞΡ
1041 2063 1094 2154 b;
1152 2065 1205 2140 ita
1244 2084 1286 2139 ut
1330 2084 1402 2161 pro
1449 2086 1541 2140 casu
1580 2070 1737 2138 aczo
1828 2094 1833 2103 ·

148 2213 304 2287 vniorcs
353 2208 636 2307 quantitatum
630 2229 676 2308 ιι
713 2222 753 2286 et
767 2122 820 2308 ap
863 2209 1018 2284 minime
1069 2208 1241 2286 arbitrio·
1274 2219 1409 2284 nostro
1460 2209 1738 2303 relinquantur.

149 2323 343 2437 Integrnle
377 2347 504 2409 autem
537 2336 768 2434 completum
802 2335 993 2433 reperitur

265 2485 1008 2614 y:a÷oae÷“÷¹³“”,
1071 2451 1072 2455 Ἴ

802 2574 1008 2634 a-bx'

148 2709 213 2785 nbi
245 2654 393 2782 etiarnsi
426 2706 707 2782 constantesA
740 2707 835 2782 etB
867 2730 942 2806 pro
975 2706 1095 2784 lubitu
1127 2722 1395 2804 assumantur,
1431 2723 1561 2788 tamen
1585 2732 1741 2809 semper

150 2834 279 2932 posito
312 2842 465 2908 aczo
507 2832 641 2930 prodit
678 2853 786 2930 y:
806 2855 835 2906 a
876 2845 916 2908 et
951 2832 1107 2931 pzb.
1175 2834 1406 2933 Hujusmodi
1448 2861 1546 2938 ergo
1587 2835 1739 2912 casibus

149 2962 287 3036 mirum
320 2981 397 3034 non
431 2970 513 3051 est,
561 2960 592 3035 si
625 2982 697 3058 pro
738 2962 845 3036 dato
868 2957 987 3059 ipsius
1021 2980 1054 3034 x
1086 2960 1244 3055 valore,
1292 2961 1544 3059 quantitatum
1575 2985 1605 3063 y
1644 2974 1683 3039 et
1710 2985 1743 3060 p·

150 3088 307 3163 naiores
341 3085 498 3164 arbitrio
533 3098 673 3197 nostro·
700 3088 802 3163 hand
834 3085 1117 3182 permittantur.

743 3367 1062 3486 scholion
1099 3421 1144 3485 2.

290 3618 422 3729 1087.
487 3639 672 3740 Exposita
697 3639 795 3715 ratio
830 3640 1076 3738 aequationee
1109 3640 1647 3722 differentio÷differentialea
1667 3621 1742 3744 peu

153 3768 507 3870 approximationes
530 3766 770 3869 integrandi,
810 3766 899 3842 dum
930 3791 1003 3866 per
1037 3764 1237 3843 intervalla
1270 3767 1426 3846 minima
1459 3770 1742 3872 progredimur,

152 3890 473 3994 quemadmodum
517 3896 631 3971 etiam
672 3893 717 3968 in
754 3892 1041 4001 aequationibus
1082 3891 1395 3972 differentialibns
1435 3896 1548 3997 primi
1597 3897 1742 3995 gradus

57 4101 65 4112 ,
152 4022 337 4114 fecimus,
391 4019 509 4098 certis
550 4020 704 4098 casibus
747 4019 1032 4134 difficultan'bue
1066 4017 1290 4111 involvitur,
1337 4031 1380 4095 ιιι
1418 4021 1489 4098 nisi
1530 4021 1742 4099 remedium

151 4150 356 4242 afferatur,
406 4148 445 4220 in
486 4166 595 4223 namn
632 4147 767 4224 vocari
799 4128 983 4244 nequeat.
1080 4144 1246 4223 Primum
1278 4147 1351 4221 hoc
1395 4145 1547 4240 evenit,
1585 4148 1740 4260 qnando

150 4293 252 4351 c:
269 4297 342 4367 00,
398 4286 475 4347 tum
520 4272 619 4350 enirn
661 4272 903 4371 quantumvis
943 4270 1120 4372 exiguum
1160 4271 1370 4371 accipiatur
1410 4271 1658 4353 interuallum
1697 4300 1742 4367 ω,

151 4422 279 4498 neque
320 4399 438 4500 ipsius
475 4420 504 4497 y
543 4422 669 4497 neque
708 4400 827 4500 ipsius
867 4423 895 4497 p
934 4399 1107 4476 valorem
1148 4419 1386 4499 cognoscere
1428 4400 1528 4477 licet.
1615 4396 1763 4491 Siritiie,

152 4546 305 4625 quoque
347 4526 632 4605 incommodum
673 4528 823 4619 turbat,
870 4526 902 4602 si
942 4526 1076 4625 positis
1114 4512 1286 4616 τεά,
1327 4522 1477 4622 yzd
1513 4536 1553 4601 et
1584 4546 1741 4623 ρει,

149 4651 296 4730 iunctm
331 4652 363 4728 Y
406 4653 474 4729 fiat
504 4651 670 4747 infinita,
719 4651 882 4752 ideoque
922 4653 1089 4753 prodeat
1128 4652 1238 4740 F:
1254 4671 1333 4750 oo,
1378 4672 1455 4750 quo
1497 4673 1590 4727 casu
1629 4649 1742 4727 valor
