4304 5714
786 407 1016 490 CAPUT
1081 407 1135 489 11.
1631 417 1686 496 85
1765 412 1777 423 ”

152 614 332 706 tionem,
366 632 480 710 quam
516 592 715 724 quousque
744 608 904 703 luberit,
938 609 1144 687 extendere
1177 607 1286 702 lieet,
1319 609 1496 688 sufficere
1531 612 1666 710 possit.
1702 610 1757 688 Si·

166 742 245 820 mili
278 741 396 816 modo
430 738 565 833 etiam,
600 737 782 837 quoniam
811 739 1035 814 methodum
1069 735 1314 830 tradidimus,
1350 739 1621 837 aequationum
1644 739 1758 816 difle-

164 868 383 948 rentialium
417 866 530 968 primi
563 867 707 968 gradus
734 865 939 967 :integr-alia
968 865 1147 965 proxime
1180 864 1416 962 inveniendi,
1463 867 1601 943 merito
1636 880 1759 945 totum
1816 862 1818 867 ’

165 997 384 1102 negotium,
415 1008 457 1070 ut
488 994 605 1095 plane
640 993 880 1088 conlectum,
925 1007 990 1073 est
1030 995 1285 1088 censendum,
1332 993 1364 1071 si
1397 1020 1445 1072 eo
1480 994 1760 1073 resolutionem

167 1123 439 1227 aequationum
489 1121 797 1199 differentialium
834 1123 1020 1199 altiorum
1054 1123 1249 1224 graduum
1289 1122 1478 1199 reducere
1510 1123 1759 1224 potuerimus.

169 1255 305 1350 Quare
335 1253 376 1328 in
409 1253 483 1329 hae
515 1251 686 1328 secunda
716 1262 833 1351 parte
859 1251 994 1328 :statim
1023 1263 1142 1350 atque
1172 1251 1447 1349 aequationem
1462 1250 1759 1329 differentialem

167 1380 328 1462 secundi
377 1383 522 1483 gradus
557 1380 606 1455 ad
637 1379 804 1478 primum
840 1380 1009 1482 gradum
1038 1378 1355 1482 perduxerimus,
1401 1391 1529 1459 totum
1560 1380 1759 1483 negotium

162 1535 242 1614 pro
274 1510 457 1613 conleqto
490 1506 564 1586 erit
595 1508 829 1585 habendum
1764 1516 1769 1523 ’

753 1765 1051 1844 Scholion
1118 1777 1161 1846 2.

207 2036 210 2041 ’
305 2025 411 2110 774.
475 2022 732 2123 Aequationes
766 2047 861 2126 ergo
891 2021 1424 2119 differendo-differentiales,
1452 2049 1556 2124 ‘quae
1589 2027 1762 2103 hoctun-

171 2157 223 2233 do
258 2155 305 2230 ad
347 2152 622 2229 differentiales
656 2150 770 2254 primi
803 2154 947 2255 gradus
977 2153 1239 2250 reducuntur,
1278 2152 1334 2229 ita
1369 2171 1457 2229 sunt
1484 2165 1765 2255 comparatae,

168 2307 214 2361 ut
248 2281 376 2383 posito
410 2273 657 2379 dyzpbx
691 2300 732 2356 et
764 2272 1026 2383 dpzqdu,
1058 2281 1253 2360 variabilis
1286 2306 1319 2357 m
1351 2279 1438 2380 ipsa
1471 2281 1559 2358 inde
1582 2283 1764 2375 tollatur,

172 2427 211 2490 et
243 2410 420 2510 aequatio
453 2409 555 2485 inter
586 2407 690 2485 solas
724 2422 803 2486 tres
833 2408 1042 2487 variabiles
1074 2429 1122 2508 y,
1150 2434 1180 2509 p
1211 2423 1252 2487 et
1283 2434 1309 2510 q
1337 2407 1500 2490 oriatur.
1546 2411 1670 2488 Casus
1703 2433 1765 2486 er·

173 2565 223 2643 go
257 2541 395 2639 quibus
428 2537 513 2613 talis
545 2536 723 2634 aequatio
757 2535 1036 2617 resolutionem
1069 2536 1256 2632 admittit,
1288 2534 1450 2636 duplicis
1484 2552 1575 2632 sunt
1597 2538 1766 2640 generis,

102 2736 108 2741 .
172 2668 224 2744 ad
256 2690 420 2767 quorum
452 2665 561 2768 prius
593 2656 907 2743 referendi'sunt
934 2665 983 2760 ii,
1013 2662 1153 2765 ·quibns
1186 2688 1212 2766 q
1246 2663 1400 2740 unicam
1433 2665 1582 2744 obtinet
1614 2666 1765 2743 dimen-

173 2795 343 2890 sionem,
390 2795 493 2871 unde
527 2818 553 2897 q
585 2792 771 2870 functioni
802 2793 975 2892 cuipiam
1012 2793 1190 2895 ipsarum
1223 2815 1258 2894 y
1288 2809 1330 2870 et
1360 2815 1390 2892 p
1420 2794 1585 2892 :aequari
1616 2805 1763 2899 potest.

175 2946 274 3021 Cum
305 2941 422 3047 igitur
455 2940 505 3020 sit
536 2916 662 3039 q:-
654 2986 714 3075 35
665 2906 855 3038 -a-pzf·
874 2946 1032 3042 (μω)
1068 2968 1187 3041 qaam
1217 2966 1411 3046 ponamus
1446 2943 1584 3038 :T,
1614 2939 1766 3018 resolu-

47 3194 56 3213 .
173 3092 227 3169 tio
261 3091 457 3168 succedet.
531 3096 574 3182 1)
611 3087 648 3165 Si
680 3090 712 3166 T
746 3087 794 3165 sit
827 3087 972 3166 functio
1005 3090 1248 3194 homogenea
1282 3090 1393 3169 unius
1421 3085 1716 3168 dimenslonis
1707 3109 1767 3186 tp·

173 3261 305 3316 sarum
336 3256 365 3338 y
399 3248 439 3314 et
465 3248 508 3337 ρ’,
573 3244 624 3328 2)
659 3234 695 3313 si
730 3237 842 3359 luerit
874 3209 1089 3373 Τ;·..·--
1143 3238 1432 3342 designantibus
1466 3234 1626 3331 Peto
1659 3218 1807 3309 sune*

1099 3297 1109 3334 Τ

172 3385 299 3466 tiones
332 3395 580 3491 quascunque
610 3382 734 3487 ipsius
762 3408 792 3484 p
822 3396 993 3482 tantum,
977 3304 1115 3464 inite
1144 3384 1249 3463 enim
1282 3386 1326 3462 fit

366 3548 1016 3681 Pdussuada-l-Qadm

174 3736 364 3832 quorsum
391 3727 511 3807 etiam
542 3731 710 3808 refertur
740 3754 877 3826 casus,

183 4171 229 4255 3)
183 4163 303 4244 ssi
335 4163 448 4243 fuerit
478 4163 701 4261 sz(Y
712 4188 740 4263 p
761 4166 907 4262 -Υ-Ζ),
956 4165 989 4243 sl
1028 4164 1184 4265 quidem
1224 4167 1258 4243 Υ
1291 4169 1397 4247 etZ
1435 4163 1513 4244 sint
1555 4161 1770 4243 functiones

178 4317 431 4394 quaeeunque
462 4291 582 4394 ipsius
612 4312 660 4392 y,
693 4292 782 4393 quia
815 4307 898 4370 tum
929 4293 1112 4393 aequatio

389 4440 949 4593 ὸΡτ-ΥρόεκψΥὸεκ,

181 4639 235 4714 ob
267 4635 421 4713 unicam
455 4634 779 4713 dimensionem
770 4638 887 4740 ipsius
918 4664 948 4738 ρ
980 4651 1041 4717 est
1075 4636 1343 4744 integrabilis,
1360 4624 1560 4763 quoasum
1558 4578 1774 4715 etiamne·

178 4764 362 4847 ferendus
393 4776 455 4849 est
485 4784 600 4846 casus
632 4765 1057 4871 sz(Yp-}·Zp’¹.)
1125 4763 1209 4852 Pro
1245 4774 1369 4853 altero
1410 4778 1555 4876 genere
1587 4764 1621 4844 si
1651 4785 1775 4866 quan·
